3250 5217
747 431 810 495 177

182 610 325 696 barbari3
354 610 498 676 'attamen
530 612 651 697 primus
675 633 782 677 eorum
806 616 873 676 tam
895 596 1011 679 diserte
1036 613 1117 677 dixit
1139 613 1242 678 bonos
1264 635 1371 683 servos

180 717 311 782 nomine
333 720 459 783 tantum
485 710 526 784 ab
549 718 699 803 ingenuis
725 718 850 785 differre
865 726 897 798 ¹).

225 823 346 889 Verum
369 823 566 904 Alcidamas,
594 824 731 911 Gorgiae
755 826 944 911 discipulus,
967 829 1114 891 naturam
1132 846 1243 891 omnes
1265 826 1369 893 bomi-

180 952 235 995 nes
263 931 379 997 liberos
402 933 550 1017 genuisse
573 932 670 1015 dixit,
697 936 729 998 et
752 933 921 998 verisimile
944 935 992 997 est
1015 932 1220 998 Aristotelem
1244 933 1367 1019 sophis·

180 1042 284 1101 tarum
315 1038 486 1123 discipulos
517 1038 714 1123 significare,
746 1038 801 1104 ubi
827 1038 905 1103 dicit
928 1038 1103 1103 nonnullos
1126 1027 1308 1121 servitutenr
1333 1042 1371 1104 ut

180 1146 313 1209 naturae
336 1148 569 1229 repugnantem
593 1148 624 1210 et
650 1166 778 1230 prorsus
802 1144 955 1229 injustam
981 1144 1124 1229 rejecisse
1137 1144 1172 1232 8).

224 1247 370 1333 Apparet
397 1271 473 1334 ergo
491 1247 532 1315 ¹in
555 1250 605 1316 his
630 1272 755 1335 quoque
776 1249 963 1335 Euripidem
983 1251 1024 1315 ad
1045 1251 1195 1317 rectiores
1212 1252 1369 1317 recentio-

180 1376 250 1418 rum
274 1355 439 1421 hominum
464 1356 629 1440 opiniones
652 1357 736 1422 viam
761 1358 963 1422 monstrasse.

593 1577 611 1651 e
637 1573 667 1637 s.
700 1572 752 1637 ne
775 1572 955 1660 erperae.

513 1780 541 1820 a.
580 1754 721 1820 Otium
745 1754 1027 1839 Euripideum.

222 1907 262 1971 In
282 1929 318 1972 eo
340 1908 461 1992 capite,
483 1909 635 1992 qnodest
655 1907 693 1971 de
712 1906 874 1991 Euripidis
886 1906 1044 1985 moribus,
1057 1907 1161 1971 obiter
1172 1908 1283 1973 monui
1294 1930 1365 1973 eum
1456 1992 1459 1997 p

178 2036 352 2097 numquam
386 2014 587 2098 capessivisse
621 2012 850 2097 rempublicam
886 2014 940 2077 sed
974 2013 1086 2077 studiis
1115 2007 1194 2097 'solis
1227 2035 1365 2080 vacasse.

178 2118 248 2183 Hoc
274 2120 393 2196 otium,
419 2121 509 2203 cuius
532 2118 670 2203 primum
695 2119 872 2203 exemplum
899 2118 1108 2203 Anaxagoras
1130 2119 1276 2197 dederat,
1297 2141 1364 2189 non

178 2227 305 2309 potarat
327 2226 405 2309 quin
431 2225 605 2290 offenderet
629 2224 711 2289 cives
735 2222 947 2289 Athenienses
974 2224 1009 2288 in
1028 2224 1211 2289 muneribus
1230 2224 1365 2309 publicis

178 2331 377 2416 potissimum
413 2326 600 2416 occupatos,
636 2331 813 2416 quibusque
849 2330 1005 2416 quidlibet
1039 2331 1146 2416 potius
1178 2352 1361 2416 persuasum

177 2442 258 2503 esset
292 2460 386 2521 quam
423 2437 509 2523 illud
534 2436 687 2502 Senecae:
721 2436 798 2521 »qui
830 2436 911 2501 nihil
942 2457 1036 2520 agere
1065 2437 1214 2502 videntur
1243 2437 1363 2502 maiora

176 2548 294 2627 agunt:
319 2544 460 2607 humana
485 2543 771 2627 divinaque'simul
793 2543 968 2608 tractant.’'
999 2542 1068 2618 Qua
1090 2543 1212 2607 invidia
1233 2544 1363 2629 cognita

176 2648 343 2734 Euripides
386 2649 469 2711 vitae
511 2670 585 2713 suae
618 2648 775 2713 rationem
810 2649 977 2713 defendere
1012 2649 1195 2734 civibusque
1228 2649 1363 2733 probare

176 2756 310 2820 voluisse
352 2755 486 2821 videtur.
533 2755 571 2819 In
602 2755 726 2839 perdita
755 2756 840 2819 enim
876 2756 1041 2839 tragoedia
1073 2754 1216 2839 Antiopa
1249 2755 1363 2821 fratres

172 2861 306 2926 Zethum
342 2866 374 2925 et
408 2860 626 2945 Amphionem
660 2863 698 2925 de
733 2862 793 2927 hac
828 2884 863 2926 re
898 2862 1098 2947 disputantes
1129 2860 1263 2926 inducit.
1303 2860 1363 2926 llle

170 2967 281 3031 laudat
301 2968 398 3031 vitam
420 2967 583 3043 rusticam,
605 2966 782 3051 publicam,
806 2967 967 3051 bellicam,
987 2958 1255 3050 fratremque’hoe
1267 2969 1362 3031 modo

172 3074 274 3157 carpit
297 3074 350 3157 (tr.
378 3074 460 3150 187;
486 3075 572 3157 apud
595 3072 683 3139 Stob.
709 3072 793 3136 Elor.
821 3075 880 3149 30,
907 3074 957 3152 ll:
982 3073 1038 3139 »Si
1061 3073 1132 3157 quis
1149 3072 1236 3137 victu
1257 3073 1359 3137 abun·

171 3180 251 3243 dans
282 3201 332 3243 res
359 3180 547 3243 domesticas
570 3179 707 3263 negligit
730 3182 762 3243 et
786 3183 884 3243 cantu
907 3180 1081 3245 delectatus
1105 3179 1178 3243 huie
1201 3179 1263 3243 arti
1287 3184 1360 3244 tan·

172 3288 239 3348 tum
271 3288 379 3362 vacat,
414 3285 538 3349 inutilis
570 3287 663 3348 domo
697 3289 729 3349 et
760 3285 954 3370 reipublicae
980 3286 1051 3362 fiet,
1076 3284 1246 3369 amicisque
1270 3284 1363 3348 nihili

172 3392 248 3469 erit;
284 3391 463 3475 languescit
497 3391 683 3475 ingenium,
720 3390 819 3475 siquis
854 3391 943 3455 molli
973 3391 1091 3475 gaudio
1121 3387 1252 3455 inferior
1282 3389 1362 3455 est''.

172 3496 340 3581 ›Negligis
356 3497 394 3585 id
418 3497 469 3561 cui
492 3517 618 3581 operam
644 3497 718 3560 dare
743 3496 895 3582 debebas,
921 3497 1116 3581 ingenioque
1133 3496 1252 3561 illustri
1270 3518 1362 3581 prae·

172 3602 256 3665 ditus
287 3602 391 3686 figura
422 3602 569 3667 muliebri
601 3602 702 3666 enites
712 3601 742 3679 ,’'
775 3602 889 3687 quibus
923 3602 1026 3667 verbis
1056 3601 1194 3668 laudatis
1217 3600 1363 3668 Callicles

172 3728 298 3791 quoque
318 3707 479 3773 Socratem
494 3732 512 3772 a
525 3708 591 3773 vita
609 3708 712 3773 otiosa
732 3710 772 3772 ad
791 3709 890 3773 vitam
911 3708 1070 3793 publicam
1091 3713 1274 3774 convertere
1293 3713 1362 3773 stu·

173 3816 226 3878 det
250 3814 361 3899 (Gorg.
386 3834 439 3899 pg.
465 3814 530 3881 485
543 3814 606 3902 E).
1082 3899 1084 3902 Ι

216 3918 382 4004 Amphion
412 3924 523 3985 contra
551 3920 601 3985 his
632 3920 737 3987 verbis
769 3921 869 3987 vitam
900 3943 991 3988 suam
1018 3920 1360 4009 delendit(fr.194):

206 4142 233 4207 1)
243 4142 324 4192 Unum
342 4143 386 4193 hoc
403 4142 527 4207 Sophoclis
541 4142 571 4191 fr.
587 4139 657 4206 (077.
672 4156 708 4207 ap.
726 4141 811 4206 Dind.)
828 4157 865 4208 ep.
880 4142 945 4193 Stob.
961 4144 1002 4204 00,
1016 4143 1062 4203 03,
1072 4141 1223 4206 aliquatenus
1230 4141 1364 4207 comparari

170 4227 259 4289 potest:
465 4223 503 4283 ¹ri
521 4226 596 4285 σῶμα
613 4221 713 4281 δοῦλον,
732 4222 794 4273 ἄλλ’
813 4224 827 4272 0
844 4227 898 4283 νοῦς
915 4221 1046 4287 ἐλεύθερος.

206 4307 311 4357 Videtur
333 4310 413 4356 tamen
439 4308 469 4355 ad
491 4322 564 4355 unam
586 4310 681 4355 tantum
707 4321 832 4371 personam
855 4307 987 4371 portinere,
1009 4322 1085 4371 neque
1108 4306 1229 4365 universa,
1247 4310 1364 4371 quantum

171 4387 270 4447 scimus,
287 4388 343 4438 iude
359 4389 455 4439 ducitur
471 4389 594 4437 sententia.

204 4471 232 4535 2)
255 4471 307 4521 Pol.
333 4473 353 4521 1.
378 4474 400 4523 3.
430 4472 517 4522 10000
540 4471 579 4522 00.
598 4470 676 4520 Zeller
692 4472 763 4536 putat
781 4474 834 4537 (pg.
852 4469 931 4537 1007)
947 4487 987 4521 eos
1004 4472 1051 4521 niti
1067 4472 1197 4539 sophistica
1213 4470 1364 4521 distinetione

171 4554 244 4615 νόμον
262 4557 286 4602 et
303 4551 407 4618 φύσεως.

1182 4653 1213 4705 10
