3250 5217
763 426 826 491 182

210 609 288 675 tiam
318 610 489 695 improbat.
525 610 564 675 In
588 609 699 695 Suppl.
725 610 811 674 inter
834 613 898 675 tres
921 609 1037 675 civium
1061 609 1188 674 ordines
1211 629 1401 673 enumeran-

209 718 264 781 tur
285 738 438 802 pauperes
461 718 541 801 <240
565 720 666 803 sqq.):

435 824 533 900 δεινοί,
557 825 699 902 νέμοντες
724 826 765 905 τῷ
789 824 889 904 Φίίνιρ
914 823 1008 889 πλέον
1033 824 1141 902 μέρος,

436 931 464 1001 ἐς
490 931 558 1002 τοὺς
584 928 715 1012 ἔχοντας
740 932 837 1011 ιιίντρ*
860 934 993 1011 ιίφιοῖσιν
1016 931 1119 1013 κακοὶ,

434 1040 594 1113 γλώσσαις
619 1039 750 1116 πονηρῶν
775 1040 953 1115 προστατῶν
974 1037 1173 1117 Φηλοιίμενοι.

209 1142 305 1208 Plebs
339 1147 446 1208 autem
477 1143 662 1230 plerumque
692 1144 834 1209 oratores
865 1144 1026 1228 sequitur;
1058 1144 1165 1227 itaque
1196 1142 1304 1206 omnia
1325 1141 1401 1206 inde

207 1251 350 1333 pendent
371 1249 481 1333 quales
504 1250 565 1314 viri
588 1250 616 1315 ei
640 1250 782 1335 praesint
805 1249 873 1335 (Or.
900 1251 995 1333 772):

344 1357 436 1422 δεινὸν
460 1358 486 1423 οί
510 1358 631 1436 πολλοί,
655 1360 843 1436 κακούργους
867 1355 942 1423 ὅταν
966 1354 1061 1439 ἔχωσι
1083 1356 1273 1436 προστοίτας.

343 1462 419 1529 αλλ’
444 1458 518 1528 ὅταν
542 1464 695 1546 χρηστοὺς
719 1464 865 1543 λάβωσι,
889 1465 1014 1544 χρηστοὶ
1038 1463 1217 1543 βονλειίονσ’
1241 1463 1301 1527 olel.

129 1636 133 1646 ,
189 1569 364 1634 ‘Pessimus
387 1572 493 1635 autem
517 1570 613 1635 duces
637 1564 746 1635 censet
766 1571 960 1655 demagogos
979 1571 1051 1635 illos
1071 1570 1141 1656 qui,
1165 1573 1203 1634 ut
1220 1568 1304 1654 plebi
1325 1588 1399 1653 gra·

207 1674 386 1755 tificentur‚
408 1677 537 1742 mentiri
557 1699 624 1742 non
644 1682 812 1762 verentur,
835 1681 892 1743 aut
911 1678 967 1763 qui
986 1678 1078 1743 stulti
1096 1669 1223 1763 quidem
1236 1676 1291 1741 sed
1302 1676 1401 1740 auda·

208 1803 259 1847 ees
289 1786 322 1847 et
344 1783 491 1869 loquaces
514 1784 554 1848 ad
579 1785 678 1849 malas
702 1784 845 1849 actiones
868 1785 951 1851 cives
974 1784 1159 1869 proripiunt
1173 1786 1208 1863 ¹).
1245 1781 1330 1846 Talis
1352 1781 1402 1846 vir

209 1889 396 1955 describitur
419 1890 453 1954 in
477 1889 589 1956 Oreste
611 1891 692 1975 (903
715 1893 817 1978 sqq.):

435 1998 509 2078 οίνηρ
534 2021 579 2069 τις
603 1996 847 2078 οίίνρίγλιοσσος,
870 1998 986 2078 ἰσχύων
1010 1996 1122 2080 opero,

434 2104 574 2184 ’Λργοῖοι
597 2104 651 2169 οὐκ
678 2102 833 2182 Ἁργεῖος,
860 2100 1094 2182 ἠναγκασμένος
1108 2104 1151 2189 (l)

439 2209 552 2290 θορύβῳ
575 2234 611 2274 τε
633 2209 756 2283 πίσυνος
782 2212 923 2289 κάμαθεῖ
943 2209 1108 2293 παρρησίᾳ.

210 2314 400 2401 Ubicunque
424 2318 531 2400 potest
552 2315 745 2401 demugogos
768 2316 841 2381 illos
860 2317 963 2401 carpit
981 2321 1013 2382 et
1030 2316 1159 2382 lacerat.
1180 2315 1271 2380 Inter
1289 2314 1402 2380 heroas

212 2423 363 2507 antiquos
394 2444 489 2487 nemo
519 2421 582 2486 illis
612 2426 679 2487 tam
711 2422 824 2488 similis
856 2422 1024 2488 videbatur
1054 2443 1150 2507 quam
1173 2420 1323 2504 Ulysses‚
1347 2421 1400 2506 qui

210 2528 334 2593 dicendi
369 2528 488 2612 peritus
518 2528 713 2613 ingenioque
732 2533 878 2594 versutus
897 2530 983 2593 ultro
1004 2550 1127 2613 semper
1145 2527 1332 2611 aggreditur
1351 2548 1401 2591 res

210 2633 420 2701 difficillimas.
455 2633 539 2697 llum
568 2634 669 2719 igitur
701 2656 825 2720 semper
856 2635 987 2719 negotiu
1018 2633 1215 2699 odiosissime
1245 2634 1402 2718 suscipere

88 2804 90 2809 .
208 2740 296 2805 facit:
329 2738 523 2825 Polyxenam
552 2742 695 2804 amatre
718 2740 865 2817 abducit,
890 2740 1093 2825 Iphigeniam
1117 2739 1313 2804 abducturus
1334 2761 1401 2804 esse

209 2846 338 2922 dieitur,
369 2847 575 2931 Astyanactis
603 2846 739 2912 infantis
764 2848 898 2912 necandi
922 2849 1033 2912 auctor
1056 2850 1104 2911 est
1128 2846 1175 2931 (in
1200 2844 1400 2931 Troadibus).

208 2951 248 3017 Ei
281 2973 358 3037 ergo
391 2956 486 3037 poeta
520 2974 628 3019 mores·
657 2953 827 3039 demagogi
861 2975 937 3019 suae
967 2952 1080 3017 aetatis
1112 2952 1243 3029 tribuit3
1268 2951 1402 3018 Hecube

208 3079 280 3123 eum
304 3058 353 3144 (in
376 3079 469 3145 cogn.
493 3059 558 3126 lab.
582 3082 614 3126 r.
639 3059 718 3146 254)
741 3058 791 3124 his
810 3059 917 3125 uerbis
937 3058 1130 3143 alloquitur:

435 3166 605 3245 οίχοίριστον
632 3166 713 3243 ὑμῶν
738 3164 869 3247 σπέρμ’,
894 3161 956 3231 ὅσοι
980 3164 1169 3245 δημηγόρους

435 3271 564 3353 ζηλοῦτε
587 3270 705 3351 τιμοίς·
732 3272 809 3349 μηδὲ
833 3268 1053 3350 γιγνιίσιιοισίέ
1077 3295 1148 3349 μοι,

436 3370 463 3444 oi
485 3379 555 3451 τοὺς
578 3378 688 3461 Φίλονς
711 3377 911 3459 βλάπτοντες
936 3380 968 3443 οὐ
990 3377 1179 3461 Φροντίζεπε,

297 3516 298 3519 “
436 3484 470 3560 ἣν
493 3492 569 3549 τοῖσι
595 3492 720 3557 πολλοῖς
747 3484 820 3563 πρὸς
845 3486 938 3567 χάριν
963 3484 1080 3563 λίγητί
1103 3509 1145 3550 τι.

209 3589 328 3655 Eadem
348 3590 382 3655 in
399 3589 577 3655 Troadibus
590 3590 684 3676 (284)
695 3612 767 3656 sum
780 3595 875 3657 vocat
886 3591 990 3656 virum
1003 3592 1226 3657 detestandum
1238 3591 1399 3677 ‚justitiae

209 3695 351 3774 hostem,
376 3696 502 3761 beluam
526 3695 612 3781 leges
635 3696 829 3775 violantem,
852 3698 908 3783 qui
931 3696 1051 3783 duplici
1069 3698 1182 3783 lingua
1200 3698 1308 3762 omnia
1326 3719 1399 3782 per-

210 3804 333 3879 vertet,
363 3803 478 3887 probet
508 3822 589 3888 quae
620 3807 715 3867 antea
737 3803 848 3868 odiose
870 3803 1008 3870 fuerunt.
1043 3803 1082 3868 In
1106 3803 1179 3890 Iph.
1207 3802 1280 3869 Aul.
1306 3803 1400 3889 (526)

209 3910 342 3974 vocatur
365 3908 516 3988 ποικίλος,
539 3915 592 3975 τοῦ
617 3909 647 3974 τ’
670 3908 766 3990 ὄχλον
789 3909 874 3987 μέτα
887 3910 924 3990 ⁹).

211 4102 404 4119 -ι-ὀι-ιι-

242 4238 269 4303 1)
294 4238 330 4287 Ol.
357 4237 432 4303 Hipp.
455 4237 519 4287 48⁶:
545 4238 605 4287 ‚hoc
624 4236 703 4303 ipsum
726 4236 835 4287 civitates
858 4240 884 4288 et
907 4237 992 4287 domus
1014 4234 1222 4303 perditorum
1241 4235 1297 4285 λίαν
1314 4236 1398 4298 λύγοι,

208 4336 257 4371 non
274 4320 338 4369 enim
351 4320 457 4384 jucunda
474 4319 528 4370 aliis
543 4320 641 4369 dicende
658 4323 714 4369 sunt
732 4320 772 4368 sed
788 4335 848 4383 qnae
864 4319 986 4383 corrigant
1003 4322 1027 4369 et
1043 4316 1193 4368 emendent.”

242 4403 270 4469 2)
287 4402 366 4452 Etiam
381 4401 407 4451 in
419 4400 546 4451 Palamede
558 4400 644 4465 egebat
659 4404 740 4466 partes
753 4398 922 4466 ,proditoris'ss
931 4400 973 4466 qni
981 4416 1013 4451 se.
1023 4401 1125 4450 efflueret
1135 4400 1279 4465 ntprinceps
1288 4399 1399 4449 inuocem

164 4498 166 4503 ’
206 4485 268 4553 apud
284 4484 400 4551 populum
415 4485 538 4533 accusatus
554 4482 639 4549 cepitis
653 4483 822 4543 damnaretur3
835 4482 917 4546 ireque
931 4482 1039 4548 suspicor
1053 4496 1108 4532 eum
1122 4481 1148 4531 in
1165 4478 1399 4545 hecquoqusleluls

208 4567 238 4618 ed
254 4564 388 4632 exemplum
404 4565 588 4630 den-gogonem
606 4564 727 4631 depictum
744 4578 800 4613 esse.
