3250 5217
814 315 857 385 72

284 497 419 570 Constat
436 506 598 587 praeterea
617 502 694 586 hoc,
716 504 782 569 siva
800 504 885 568 idem
904 504 1014 570 docuit
1026 503 1331 593 Anaxagoras,sire
1342 530 1425 594 pug-

239 608 369 687 nantia,
394 607 524 695 tragicis
546 612 655 675 tamen
673 610 827 675 usitatum
849 610 947 676 fuisse
970 612 1143 695 placitum,
1167 612 1322 697 siquidem
1345 616 1430 699 apud

240 713 434 799 Aeschylum
464 736 588 800 quoque
615 717 650 781 in
683 716 914 782 Eumenidibus
944 718 1024 803 (658
1057 722 1140 804 sqq.)
1171 718 1290 803 Apollo
1323 741 1361 785 ex
1392 742 1428 785 eo

239 822 462 906 gravissimum
490 822 573 906 petit
595 826 819 907 argumentum
843 824 883 887 ad
907 827 1122 889 excusandum
1147 823 1267 891 Orestis
1289 827 1430 891 matrici·

238 928 337 995 dium.
356 928 464 993 Poetis
474 928 617 1013 profecto
628 928 664 993 iu
675 932 827 1014 promptu
838 951 905 995 esse
917 930 1028 994 debuit
1038 932 1232 1015 comparatio
1244 931 1345 1016 patrie
1356 954 1428 997 cum

239 1040 359 1112 satore,
384 1035 493 1099 matria
515 1055 587 1099 cum
612 1056 690 1120 egro
713 1035 878 1119 recipienti
897 1039 930 1100 et
949 1036 1114 1102 nutrienti.
1135 1038 1232 1122 Apud
1252 1036 1426 1103 Homerum

239 1143 272 1205 et
302 1140 479 1205 Hesiodum
509 1143 666 1226 quantum
701 1141 766 1206 scio
798 1142 865 1205 eius
896 1142 1075 1227 exemplum
1099 1143 1224 1208 nullum
1248 1143 1426 1221 invenitur,

239 1247 293 1311 sed
312 1244 508 1330 temporibus
520 1246 667 1311 Pericleis
678 1247 712 1310 in
724 1267 779 1311 ore
791 1248 935 1312 omnium
947 1254 1035 1327 erat,
1049 1249 1207 1333 verbaque
1220 1250 1326 1329 άροῦν,
1339 1250 1428 1315 σπεί-

238 1375 314 1431 ρενν,
336 1354 480 1432 merrtem
499 1353 617 1437 passim
637 1354 876 1439 usurpabantur
887 1376 945 1439 pro
958 1359 1080 1431 νεννάν.
1095 1355 1241 1439 Exempli
1252 1376 1300 1441 gr.
1315 1356 1427 1421 Aesch.

239 1458 325 1544 Sept.
344 1460 408 1525 752
418 1482 427 1527 ε
439 1457 511 1524 tm
523 1462 639 1539 ματρὸς
653 1461 755 1538 άγνάν
768 1462 896 1538 σπείρας
909 1459 1035 1542 άρουραν
1046 1509 1055 1540 ,
1068 1461 1163 1547 Soph.
1178 1461 1256 1526 0ed.
1268 1462 1309 1528 R.
1325 1462 1429 1527 1256:

238 1564 381 1647 μητρῴαν
405 1569 431 1632 δ’
455 1563 530 1632 ὅπου
554 1569 636 1647 κίχον
661 1567 771 1643 διπλῆν
795 1567 940 1649 άρονραν,
965 1565 1000 1632 οὖ
1024 1594 1059 1633 πε
1083 1570 1136 1633 καὶ
1160 1568 1270 1634 τέκνων
1283 1568 1320 1656 1).

281 1672 368 1739 Haec
379 1674 550 1759 quaestio,
563 1675 640 1759 quid
653 1678 752 1740 mater
767 1678 807 1739 ad
820 1676 1060 1760 generationem
1075 1675 1236 1760 conferat,
1251 1676 1319 1741 sine
1331 1676 1427 1741 dubio

234 1778 320 1844 iuter
330 1850 331 1853 ρ
340 1780 526 1845 eruditiores
546 1780 611 1845 eius
623 1781 775 1865 temporis
784 1783 853 1867 jam
865 1782 1002 1846 multum
1014 1785 1155 1846 tractata
1169 1785 1246 1849 erat.
1259 1785 1302 1849 uc
1313 1806 1429 1869 quam-

174 1947 178 1954 ,
235 1907 332 1970 quam
363 1886 415 1951 vix
444 1908 502 1971 pro
533 1890 618 1952 certo
649 1891 755 1972 potest
785 1888 884 1953 statui
913 1888 984 1974 quis
1007 1889 1128 1973 primus
1150 1889 1333 1954 huiusmodi
1356 1912 1428 1955 sen-

236 1993 372 2058 tentiam
396 1994 602 2079 expresserit,
625 1992 810 2079 Euripidem
842 1998 969 2075 tamen,
999 2018 1094 2081 quem
1118 2017 1210 2081 saepe
1232 1995 1427 2081 Aeschylum

236 2101 389 2185 respicere
409 2102 565 2185 vidimus,
585 2100 646 2166 hac
667 2102 702 2165 in
725 2124 759 2167 re
782 2102 950 2167 scenica
974 2105 1016 2167 ad
1039 2103 1184 2169 Orestem
1205 2125 1331 2189 quoque
1354 2126 1427 2189 per·

236 2206 379 2285 tinente,
409 2212 561 2291 poetae
590 2207 697 2291 potius
724 2208 904 2292 exemplum
927 2207 988 2273 sibi
1009 2208 1202 2275 imitandum
1225 2210 1427 2295 proposuisse

236 2334 332 2399 quam
364 2312 496 2378 alicuius
526 2312 708 2397 physiologi
738 2314 882 2399 vestigiis
912 2314 1092 2399 ingressum
1121 2338 1189 2381 esse
1210 2317 1325 2402 quovis
1349 2338 1426 2383 cou-

235 2418 404 2485 tenderim.

280 2632 434 2699 Nostrum
466 2632 657 2718 multiplicia
682 2632 921 2718 disciphnarum
944 2656 1062 2721 genere
1084 2636 1240 2702 delibasse
1262 2641 1425 2721 praeterea

182 2802 184 2806 .
236 2737 376 2802 declarat
398 2740 556 2803 sententia
578 2762 660 2825 quae
683 2744 784 2805 artem
807 2742 963 2807 medicam
986 2744 1139 2829 attingit,
1162 2744 1201 2809 fr.
1227 2766 1271 2811 sc.
1296 2743 1389 2829 (683)
1409 2766 1426 2809 e

107 2892 109 2897 -
236 2843 355 2928 Scyriis
377 2849 557 2911 servatum:

356 2954 373 3027 ἦ
397 2960 474 3026 παῖς
499 2961 582 3017 νοοεῒ
601 2958 655 3019 ποῦ
679 2954 897 3027 κάπννοννδάνονς
921 2954 1002 3039 ἔχει.

353 3059 425 3139 πρὸς
450 3064 522 3137 ποῦς
546 3062 594 3131 τίς
619 3062 716 3136 αὐτὴν
740 3064 860 3138 πημονὴ
885 3063 1082 3147 δαμάζεπανς

356 3173 419 3244 μῶν
438 3167 549 3247 κρυμὸς
570 3169 667 3242 αὐτῆς
689 3170 808 3246 πλευρά
821 3168 974 3251 γυμνάζει
987 3179 1104 3255 χολῆςς
1120 3170 1215 3257 (χολῇ
1228 3170 1358 3257 Valclr.)

279 3272 392 3337 Artem
415 3274 570 3338 medicem
594 3273 669 3338 belli
693 3274 953 3359 Peloponnesiaci
975 3277 1171 3361 temporibus
1192 3298 1264 3342 vere
1282 3278 1427 3343 condidit

235 3382 268 3443 et
298 3380 436 3445 excoluit
466 3379 679 3465 Hippocrates
714 3379 814 3464 Cone,
849 3384 904 3467 qui
934 3383 1054 3468 fertur,
1078 3407 1272 3470 quamquam
1295 3385 1426 3451 incertis

235 3486 441 3564 testimoniis,
469 3486 607 3552 Athenis
631 3488 749 3553 multoe
772 3489 957 3573 pestilentia
979 3491 1162 3556 laborantes
1184 3514 1322 3557 sanasse.
1348 3492 1426 3557 Phi-

234 3590 439 3676 losophorum
474 3596 581 3657 tamen
616 3593 758 3678 plerique
793 3594 935 3660 eiusdem
969 3598 1047 3663 artis
1083 3620 1324 3683 nonnumquam
1359 3600 1426 3664 sin-

235 3697 327 3782 gulas
357 3702 464 3783 partes
495 3701 688 3768 tractabant.
721 3700 872 3785 Superest
902 3702 963 3767 hoc
995 3703 1176 3769 Aristotelis
1205 3704 1425 3772 testimouium

235 3804 288 3888 (de
307 3807 390 3888 pert.
413 3804 520 3872 Auim.
543 3805 601 3871 IV.
627 3808 678 3893 2):
699 3810 752 3872 οὐκ
772 3810 857 3886 ὀρθῶς
878 3808 906 3871 δ’
928 3809 1061 3873 ἐοίκασιν
1085 3812 1117 3875 οἱ
1142 3812 1231 3890 περὶ
1257 3812 1426 3891 Ἀναξα-

235 3912 359 3989 γόραν
392 3911 628 3989 ὑπολαμβάνειν
659 3915 697 3983 ὥς
730 3914 836 3978 αἰτίαν
857 3912 950 3979 οὖσαν
974 3918 1033 3980 τῶν
1056 3915 1145 3993 ὀξέων
1168 3918 1349 3994 νοσημάτων
1372 3921 1426 3994 τὴν

235 4018 385 4095 χολήν·
416 4018 676 4096 ὑπερβάλλουσαν
707 4020 771 4097 γάρ
799 4021 989 4102 άπορραάνενν
1019 4022 1091 4102 πρός
1123 4048 1158 4088 πε
1189 4026 1241 4091 τὸν
1270 4027 1428 4102 πνεύμονα

236 4122 287 4185 καὶ
308 4124 366 4193 τοὶς
387 4122 515 4202 φλέβας
537 4125 666 4195 καὶτὰς
691 4127 887 4205 πλευράς.
911 4125 1005 4193 Dicae
1027 4128 1106 4195 haec
1124 4130 1279 4215 respicere
1294 4132 1332 4199 fr.
1346 4132 1425 4196 illud

235 4251 331 4313 supra
354 4230 503 4308 allatum,
530 4229 583 4298 ubi
606 4231 703 4297 etiem
726 4230 771 4297 fel
795 4232 947 4298 lateribus
970 4256 1082 4301 nocere
1107 4236 1235 4302 dicitur.
1260 4238 1342 4303 Tum
1367 4238 1425 4304 ob-

243 4385 421 4397 ¹*

269 4453 293 4513 1)
311 4453 347 4502 Os.
365 4455 487 4518 praeterea
505 4454 577 4519 Soph.
595 4457 623 4504 0.
643 4456 672 4506 R.
693 4456 770 4516 1212,
789 4457 854 4511 1497
871 4474 916 4523 eq,
933 4458 1018 4509 Trach.
1036 4460 1068 4508 82
1083 4475 1119 4524 eq.
