3250 5217
678 1413 874 1526 PARS
906 1414 1002 1525 IV.
1093 1489 1095 1494 .
1197 1426 1200 1429 ’

244 1692 367 1769 QUID
393 1692 649 1765 EURIPIDES
675 1688 905 1763 SENSERIT
929 1688 994 1761 DE
1018 1686 1172 1761 REBUS
1194 1685 1434 1763 HUMANIS.

743 1988 922 2001 —-—

284 2228 446 2315 Euripidis
470 2231 508 2294 de
531 2232 624 2295 rebus
647 2231 764 2296 divinis
787 2232 970 2315 opinionem
993 2231 1151 2313 quantum
1174 2227 1291 2292 licebat
1311 2248 1431 2312 cogno-

239 2335 360 2412 vimus3
392 2336 458 2420 jam
491 2335 531 2401 ad
558 2339 674 2401 terram
706 2338 961 2402 descendendum
991 2338 1087 2419 atque
1116 2334 1337 2417 indagandum
1368 2336 1431 2412 est,

238 2441 315 2525 quid
348 2445 386 2505 de
417 2442 511 2506 rebus
539 2442 688 2521 humanis
721 2445 865 2509 senserit.
898 2443 946 2508 De
969 2442 1019 2507 his
1043 2440 1132 2505 omni
1155 2443 1259 2504 aetate
1283 2439 1344 2504 sibi
1367 2438 1433 2503 iere

239 2547 418 2611 constitisse
437 2549 487 2611 vel
508 2548 614 2632 potius
630 2548 742 2614 iisdem
765 2551 867 2614 modis
887 2550 1064 2632 disputasse
1087 2548 1219 2613 videtur.
1237 2546 1307 2630 Ego
1319 2546 1432 2610 saltem

238 2652 359 2716 nullam
383 2653 538 2717 rationem
563 2656 698 2740 reperire
722 2657 812 2740 potui
837 2679 915 2740 qua,
937 2656 1026 2719 utin
1048 2654 1209 2737 superiore
1227 2654 1431 2738 quaestione,

237 2758 342 2821 variae
363 2762 482 2823 aetates
501 2759 656 2845 distingui
675 2765 816 2845 possent.
837 2762 919 2826 Puto
939 2784 1011 2825 eum
1029 2761 1096 2845 jam
1110 2765 1280 2843 antequam
1292 2759 1432 2843 primum

237 2863 276 2926 de
298 2864 451 2948 religione
471 2865 613 2930 animum
634 2867 820 2932 mutavisset
840 2890 876 2932 ea
894 2867 1025 2931 tristitia
1045 2888 1144 2951 eoque
1156 2888 1262 2929 rerum
1274 2887 1430 2930 novarum

237 2970 342 3034 studio
371 2974 409 3035 de
432 2971 526 3035 rebus
550 2971 697 3037 humanis
720 2974 893 3058 cogitasse,
917 2996 998 3058 quae
1019 2973 1209 3057 posteriores
1232 2972 1345 3036 aetatis
1368 2972 1430 3035 im-

237 3075 348 3160 pietati
379 3078 597 3145 convenirent.
623 3078 705 3143 'l'um
729 3103 832 3164 neque
855 3081 891 3143 in
913 3080 1027 3144 ultima
1050 3083 1155 3143 aetate
1177 3078 1218 3141 ab
1241 3078 1280 3142 iis
1303 3076 1430 3161 opinio-

237 3182 331 3247 nibus
364 3184 505 3249 descivit.
541 3184 610 3250 Nec
639 3185 773 3270 mirum;
804 3209 879 3250 nam
910 3187 995 3272 quod
1026 3186 1213 3268 religionem
1237 3182 1431 3269 popularem

235 3288 427 3373 impugnare
458 3290 569 3368 desiit,
600 3291 633 3355 id
663 3292 782 3357 rationi
810 3296 844 3357 et
865 3292 1055 3377 prudentiae
1079 3291 1186 3375 potius
1210 3290 1431 3355 ascribendum

236 3416 303 3460 esse
337 3396 473 3460 vidimus
505 3418 600 3480 quam
632 3398 707 3462 inde
738 3402 965 3484 repetendum,
994 3398 1080 3482 quod
1104 3419 1175 3462 cum
1199 3417 1303 3460 rerum
1328 3395 1431 3459 admi·

236 3502 425 3567 nistratione
445 3503 553 3567 divina
574 3525 684 3568 revera
707 3503 741 3566 in
765 3504 902 3588 gratiam
926 3503 1064 3569 redierit.

281 3608 394 3692 Itaque
426 3608 577 3692 temporis
602 3609 786 3674 discrimina
809 3610 976 3675 observare
999 3610 1034 3673 in
1058 3610 1119 3674 hac
1142 3608 1327 3693 quaestione
1351 3629 1431 3691 opus

236 3735 302 3777 esse
333 3736 398 3778 non
431 3714 565 3781 videtur.
599 3716 638 3779 Iu
670 3715 859 3800 quibusdam
891 3717 986 3780 modo
1008 3714 1154 3799 partibus
1177 3715 1260 3778 ratio
1284 3713 1431 3777 habenda

236 3820 297 3883 erit
327 3840 390 3903 quo
423 3824 565 3905 tempore
597 3842 739 3905 quaeque
770 3822 856 3887 dicta
888 3822 963 3886 sint.
987 3821 1070 3886 Tum
1094 3820 1313 3906 dispositionis
1336 3840 1431 3883 causa

235 3930 391 4009 quantum
422 3930 532 4009 potero
568 3948 724 3990 annorum
755 3928 900 3991 ordinem
932 3949 1056 4012 sequar.
1093 3926 1242 3991 Materies
1266 3924 1429 4009 aptissime

235 4031 444 4097 distribuetur
461 4032 495 4095 in
515 4034 654 4117 quatuor
673 4033 796 4116 capita,
817 4053 952 4118 quorum
972 4033 1112 4117 primum
1132 4036 1244 4117 poetae
1263 4031 1430 4115 opiniones

236 4138 274 4201 de
305 4138 372 4201 vita
403 4138 567 4222 universa,
591 4141 765 4204 secundum
789 4142 828 4204 de
852 4140 994 4204 moribus
1019 4142 1052 4204 et
1076 4138 1211 4216 virtute,
1235 4136 1368 4202 tertium
1392 4137 1431 4200 de

236 4242 305 4308 vita
328 4243 475 4329 publice,
498 4248 646 4328 quartum
669 4246 708 4309 de
731 4246 798 4309 rita
821 4246 995 4328 domestica
1018 4245 1258 4329 complectetur.
