3250 5217
760 420 824 487 117

235 602 384 669 Servatur
408 627 425 669 e
449 603 630 689 Melanippa
653 627 672 669 a
695 605 837 671 Lucieno
867 602 952 689 (Jov.
985 605 1081 690 Trag.
1105 606 1162 690 41)
1186 609 1219 671 et
1242 607 1283 671 ab
1306 608 1382 673 aliis

195 710 301 777 multis
324 710 402 792 (rid.
427 710 568 775 Dindorf
587 715 627 776 ad
650 711 688 776 fr.
715 712 816 799 483):

303 818 398 895 Ζεὺς,
423 815 534 890 ὅστις
559 819 573 883 ὃ
598 817 717 897 Ζεὺς,
743 821 783 884 οὐ
808 819 887 900 γὰρ
911 815 1000 885 οἶδα
1025 821 1129 893 πλὴν
1153 819 1271 900 λόγῳ.

237 923 317 988 Tam
347 923 451 988 audax
482 924 628 1008 impietas
652 947 671 988 a
694 926 813 1009 populo
838 947 904 990 non
927 925 1141 1004 tolerabatur,
1167 949 1271 1011 aquo
1294 929 1389 1011 poeta
1521 1004 1524 1008 ,

194 1030 276 1114 apud
295 1029 503 1094 Plutarchum
523 1029 617 1115 (Mor.
638 1053 668 1114 p.
695 1030 760 1096 756
773 1030 812 1117 Ο)
835 1036 984 1096 narratur
1002 1035 1131 1098 coactus
1143 1032 1240 1098 fuisse
1254 1038 1289 1098 ut
1301 1034 1387 1100 hunc

194 1158 318 1202 versum
342 1138 497 1213 mutaret,
524 1136 660 1220 indeque
683 1136 814 1201 fecisse:

421 1243 516 1318 Ζεὺς,
540 1244 576 1312 ὡς
603 1242 751 1306 λέλεκται
774 1251 830 1316 τῆς
855 1243 1001 1317 dentrice
1028 1242 1095 1309 ὕπο.
1123 1282 1162 1293 -

237 1349 357 1414 Verum
391 1349 426 1413 in
462 1349 617 1413 eiusmodi
648 1349 902 1414 dubitationibus
934 1350 1105 1415 subsistere
1141 1372 1206 1415 non
1242 1355 1368 1436 poterat
1380 1375 1388 1431 ;

192 1457 300 1539 itaque
322 1456 462 1520 tentavit
480 1478 522 1520 an
542 1477 560 1519 e
579 1456 719 1520 naturali
738 1478 820 1539 quae
840 1456 900 1520 sibi
919 1460 1102 1541 suppeteret
1120 1457 1256 1522 scientia
1269 1482 1387 1524 numen

194 1562 356 1627 honestius
379 1562 544 1647 magisque
568 1567 704 1627 naturae
721 1584 903 1647 congruens
922 1568 1029 1648 posset
1048 1564 1178 1647 fingere.
1203 1563 1389 1650 Complures

193 1669 370 1733 sententiae
392 1669 426 1733 in
449 1669 553 1753 capite
577 1672 616 1732 de
634 1668 796 1752 Euripidis
816 1669 1017 1753 philosophia
1038 1670 1178 1734 naturali
1197 1693 1217 1734 a
1236 1694 1286 1736 me
1304 1677 1389 1737 trae-

192 1777 277 1839 tatae
312 1776 379 1859 (pg.
416 1774 563 1860 45-47)
599 1774 727 1839 aethera
762 1774 968 1839 affirmabant
1001 1798 1159 1839 summum
1195 1798 1260 1841 esse
1295 1778 1389 1842 deum

193 1904 326 1965 eumque
359 1880 470 1946 Jorem
502 1882 601 1965 igitur
632 1881 809 1957 vocabant,
844 1882 933 1945 cuius
956 1880 1067 1965 placiti
1090 1882 1246 1965 originem
1270 1884 1388 1949 idcirco

191 2008 317 2071 quoque
345 1987 386 2052 ab
416 1988 487 2051 aliis
520 1987 717 2071 philosophis
740 1990 881 2069 repetere
905 2008 971 2051 non
997 2008 1128 2051 necesse
1152 1992 1219 2065 est,
1243 1993 1328 2073 quod
1352 1991 1387 2054 in

191 2095 259 2178 ipsa
283 2094 439 2177 religione
461 2094 579 2157 hadita
604 2094 645 2157 ab
669 2093 899 2177 antiquissimis
918 2092 1117 2177 temporibus
1139 2094 1262 2158 coelum
1282 2095 1387 2159 fuerat

192 2200 281 2265 Jovis
293 2200 467 2284 provincia.
488 2200 606 2263 Verum
620 2200 772 2284 quoniam
785 2200 953 2284 pleraeque
965 2198 1093 2263 illarum
1105 2200 1336 2264 sententiarum
1350 2223 1388 2266 ex

192 2306 322 2372 incertis
342 2306 494 2370 dramatis
513 2310 655 2370 servatae
674 2308 768 2382 sunt,
790 2306 830 2369 ad
850 2305 934 2370 hanc
952 2309 1090 2369 aetatem
1101 2355 1109 2388 ,
1122 2306 1156 2369 in
1169 2328 1232 2389 qua
1245 2309 1386 2371 contem·

192 2413 312 2498 planda
346 2413 492 2497 occupati
515 2435 641 2490 sumus,
667 2434 724 2495 pro
748 2415 834 2476 certo
857 2412 998 2477 revocari
1021 2434 1087 2476 non
1112 2414 1257 2497 possunt.
1294 2412 1387 2479 Unus

192 2524 299 2584 tamen
331 2542 368 2583 ex
399 2542 436 2585 ea
467 2522 573 2584 exstat
596 2518 704 2595 loeus,
727 2520 781 2603 qui
805 2540 905 2602 quum
928 2523 1041 2602 poetae
1063 2518 1206 2583 animum
1231 2519 1269 2583 de
1294 2519 1388 2583 variis

191 2626 355 2709 principiis
390 2625 588 2690 dubilantcm
625 2625 796 2709 exprimat,
833 2628 942 2689 monet
974 2647 1013 2689 ne
1043 2625 1079 2689 in
1102 2625 1230 2689 aethere
1254 2628 1383 2689 tandem

192 2731 420 2815 deprehensum
452 2735 616 2815 putemus,
649 2730 774 2815 qualem
798 2729 859 2793 sihi
883 2752 1043 2794 summum
1068 2734 1161 2795 deum
1186 2731 1384 2815 cogitaverit.

192 2837 230 2901 In
254 2837 431 2902 Troadibus
455 2839 550 2922 (884)
574 2835 705 2901 Hecuba
729 2836 777 2899 his
801 2836 906 2901 verbis
929 2835 1040 2902 Jorem
1064 2838 1250 2921 compellat:

94 2960 96 2965 '
372 2942 393 3008 ὦ
419 2952 477 3021 γῆς
502 2944 612 3023 ὄχημα
629 2943 714 3007 ,κοὶνοὶ
739 2951 798 3019 γῆς
824 2940 905 3022 ἔχων
929 2940 1032 3024 ἕδροον,

373 3046 456 3119 ὅστις
480 3052 547 3115 ποτ’
574 3045 605 3114 εἶ
625 3050 679 3127 οὺ,
706 3048 918 3120 δυστόπαστος
944 3049 1054 3114 εἱδὲνοον

373 3156 467 3232 Ζεὺς,
492 3155 549 3221 rlr'
573 3155 696 3234 ἀνάγκη
722 3157 836 3237 Φύοεος
861 3153 925 3220 εἴτε
950 3159 1015 3227 νοῦς
1039 3155 1172 3234 βροτῶν,

375 3261 591 3342 προσηυξάμην
617 3285 669 3328 οε·
695 3262 889 3339 πάνταγὰρ
915 3260 953 3326 δι’
979 3261 1106 3341 ἀψόφου

375 3370 491 3447 βαίνων
515 3370 656 3435 κελεύθου
681 3370 766 3434 κοντοὶ
790 3370 875 3443 δίκην
897 3370 940 3433 τοὶ
968 3368 1051 3443 θνήτ’
1076 3367 1177 3446 ἄγεις.

237 3476 323 3552 Quae
353 3476 450 3540 rerba
479 3476 505 3540 si
528 3476 699 3559 diligenter
722 3476 880 3560 explicere
908 3475 1039 3539 velimus
1064 3496 1173 3540 vercor
1197 3496 1237 3539 ne
1260 3475 1386 3559 magnis

193 3581 432 3646 difficultatibus
449 3581 649 3667 implicemur
663 3579 703 3666 ¹);
724 3580 894 3666 Euripides
912 3581 1097 3664 desperanti
1108 3579 1256 3645 Hecubae
1267 3583 1385 3645 temere

191 3687 332 3770 profecto
367 3687 532 3770 ambiguas
563 3687 635 3751 illas
658 3708 749 3751 voces
773 3687 903 3762 tribuit,
929 3708 995 3751 non
1019 3690 1056 3750 ut
1080 3686 1121 3750 ab
1145 3686 1252 3770 aliquo
1275 3685 1383 3770 philo-

192 3792 320 3877 sophiae
344 3796 499 3857 sectatore
518 3793 772 3878 ponderarentur
789 3796 822 3856 et
841 3791 1100 3875 explorarentur;
1122 3812 1220 3875 quare
1239 3791 1385 3856 examine

191 3900 295 3982 potius
318 3898 481 3982 abstineo,
504 3908 598 3983 atque
617 3919 729 3962 moneo
749 3900 877 3961 tantum
899 3920 937 3961 ne
957 3896 1155 3962 Bernhardio
1175 3897 1387 3962 assentiamur

192 4005 340 4069 audacius
363 4003 437 4069 inde
461 4006 614 4089 quaedam
639 4003 853 4068 concludenti.
874 4003 1009 4086 Scripsit
1027 4004 1111 4068 enirn
1134 4003 1385 4088 pg.403:»1)ie

191 4108 310 4175 Stellen
342 4114 395 4174 des
426 4109 574 4174 Dichters
606 4110 707 4174 worin
731 4131 764 4175 er
788 4110 838 4173 die
862 4109 1140 4194 physiologischen
1168 4108 1261 4175 saue
1284 4110 1387 4175 seines

193 4291 382 4302 ..—--———-

223 4396 249 4460 1)
272 4396 338 4460 Quid
362 4396 427 4445 enlm
444 4399 480 4445 est
496 4396 541 4446 hoc
558 4395 604 4445 nisi
621 4396 717 4445 aether:
735 4412 749 4443 o
767 4399 795 4444 tn
811 4396 853 4459 qui
869 4399 961 4445 terram
977 4396 1025 4444 fers
1042 4399 1066 4445 et
1085 4410 1112 4444 ea
1130 4410 1214 4445 rursm
1231 4395 1302 4444 ferris
1322 4394 1383 4459 (rid.

190 4492 226 4541 pg.
248 4478 311 4542 dt)?
333 4478 391 4541 quid
413 4493 469 4527 vero
491 4478 609 4542 significat
630 4479 688 4527 hoc:
712 4478 841 4536 esether,
861 4476 1023 4541 quicquum,
1041 4476 1139 4540 cognitu
1158 4476 1272 4535 difficilis,
1291 4476 1383 4542 (siret)

190 4559 247 4607 Zeus
263 4559 312 4609 sive
329 4559 454 4609 neomsitas
470 4564 571 4610 naturae
588 4559 637 4608 sive
653 4574 722 4609 mens
741 4559 886 4609 hominum?
