3250 5217
621 1351 951 1437 THESES.

700 1598 894 1613 ιΛΛΛΛΛΛΛΛΛΝ

777 1778 805 1845 Ι.

242 1923 332 2001 Quod
363 1925 398 1988 in
428 1923 605 1990 Heraclidis
629 1923 820 2011 Demophon
845 1944 903 2007 pro
926 1922 1047 1988 Theseo
1071 1923 1176 2007 prodit
1198 1921 1384 1986 Heraclida-

196 2069 265 2111 rum
297 2051 469 2136 patronus,
497 2047 533 2111 -id
559 2048 750 2134 argumento
775 2050 824 2111 est
846 2045 930 2111 hanc
953 2044 1094 2110 fabulam
1119 2048 1192 2129 post
1215 2043 1409 2109 Herculem·
1503 2111 1506 2115 ,

196 2167 354 2234 furentem
379 2171 412 2233 et
433 2167 598 2253 Supplices
620 2168 717 2233 inisse
740 2170 856 2233 actam.

747 2320 749 2323 ’
768 2350 814 2416 11.

240 2497 363 2583 injuria
374 2519 405 2563 v.
418 2501 448 2562 d.
462 2496 640 2562 Stallbaum
654 2499 687 2559 et
698 2493 827 2561 Fischer
834 2497 952 2580 putent
964 2495 1048 2579 apud
1060 2494 1231 2561 Platonem
1242 2495 1278 2558 in
1290 2493 1386 2579 Apol.

199 2616 335 2683 Socratis
358 2627 423 2704 (pg.
449 2620 491 2683 26
515 2618 557 2705 E)
581 2618 631 2683 his
652 2618 773 2686 verbis:
795 2610 817 2685 at
838 2617 1004 2702 (dogmata
1023 2617 1248 2703 Anaxagora)
1268 2615 1386 2693 ἔξεστιν

200 2736 311 2824 ἐνίοτε,
344 2741 370 2804 ri
406 2742 487 2806 adro
519 2744 655 2825 πολλοῦ,
684 2741 830 2823 δραχμῆς
862 2741 897 2806 ἐκ
927 2747 983 2815 ctis
1015 2740 1189 2822 ὀρχήστρας
1213 2738 1386 2822 πριαμένοις
1490 2749 1496 2757 ’

198 2860 379 2943 Σοοιιροὶτοοι
413 2867 615 2950 καταγελᾶν,
649 2864 702 2931 ἐὰν
729 2870 929 2943 προσποιῆται
958 2863 1068 2929 {acroi
1092 2857 1188 2940 εἶναι,
1212 2861 1387 2947 significari

198 2982 507 3070 repraesentationes
530 2984 708 3050 fabularum
732 2984 976 3070 Euripidearum
995 2988 1028 3049 et
1046 2983 1362 3069 Aristophanearum.

668 3166 828 3233 =111.

244 3310 471 3398 Aristophanis
506 3310 617 3377 Nubes
651 3312 685 3376 in
719 3334 814 3378 scena
848 3311 1030 3377 oeciderunt
1051 3310 1093 3376 ob
1116 3310 1226 3375 falsam
1251 3309 1389 3375 Socratis

78 3450 79 3455 ¹
200 3434 373 3519 imaginem
395 3434 430 3500 in
455 3434 563 3499 fabula
583 3456 773 3519 expressam.

766 3617 825 3685 IV.

247 3759 275 3823 E
306 3761 457 3845 parabasi
492 3761 610 3827 Avium
642 3760 871 3847 Aristophanis
901 3764 1126 3847 argumentum
1161 3753 1293 3830 minime
1322 3763 1391 3827 leve
1418 3844 1422 3851 .

203 3881 270 3965 peti
305 3886 411 3966 potest
442 3884 482 3947 od
507 3883 787 3948 demonstrandum
811 3882 1049 3968 cosmogoniam
1071 3882 1242 3968 Orphicam
1263 3884 1391 3961 συνήθη,

203 4023 286 4086 quae
312 4008 459 4083 vocatur,
484 4006 581 4069 aetati
605 4004 802 4071 Onomaoriti
825 4005 1043 4070 ascribendam
1067 4026 1144 4071 esse.

777 4187 819 4255 V.

248 4329 287 4394 In
314 4329 436 4414 Hippia
461 4329 582 4395 minore
606 4330 694 4416 (inde
718 4353 814 4417 apg.
843 4333 907 4399 372
930 4355 1029 4419 nsque
1052 4336 1093 4399 sd
1117 4332 1228 4419 finem)
1247 4332 1393 4399 Socrates

208 4450 290 4525 falso
314 4452 415 4517 utitur
439 4454 628 4537 argumento
651 4456 691 4517 od
715 4455 916 4540 probandum
936 4478 1025 4540 eum,
1046 4456 1102 4541 qui
1114 4455 1259 4521 conscius
1269 4460 1395 4541 peccet,

206 4579 368 4659 praestare
392 4576 439 4654 ei,
462 4575 518 4659 qni
539 4574 660 4640 invitus
682 4581 799 4660 peccet.

1262 4699 1294 4745 ιο
