3250 5217
818 381 883 446 122
936 345 940 350 ’

255 564 382 630 iudieia.
415 564 496 641 Quid
528 567 612 650 quod
643 564 829 649 Supplieum
857 568 968 628 drama
991 562 1096 628 nullas
1123 562 1222 628 habet
1244 562 1376 627 deornm
1400 584 1449 627 re·

255 670 491 756 prehensiones.
517 672 587 737 Hoe
609 674 717 755 tamen
741 692 806 736 non
831 674 1007 756 repugnat,
1031 670 1157 734 videtur
1174 670 1261 735 enim
1281 669 1449 754 Euripides
1536 757 1541 762 ι

255 778 403 842 omnibns
438 778 531 843 rebus
560 778 709 843 facillime
736 780 874 855 moveri;
899 782 965 842 tam
989 799 1091 862 pauea
1115 779 1154 842 de
1177 777 1244 841 eius
1267 777 1335 842 rita
1359 780 1391 840 et
1412 777 1450 841 de

255 884 454 969 singulorum
487 888 668 949 dramatum
699 888 842 969 tempore
876 884 967 949 nobis
998 884 1117 948 tradita
1149 886 1243 960 sunt,
1270 885 1305 947 ut
1328 886 1450 947 eertum

253 991 408 1075 judicium
439 990 542 1055 faeere
573 1010 782 1075 nequeamns;
817 1012 925 1055 verum
957 991 1180 1074 reputantibus
1208 993 1361 1074 quantam
1386 989 1450 1053 rim

256 1098 290 1161 in
315 1097 437 1161 animos
458 1100 583 1161 nostros
603 1098 719 1161 habere
738 1098 864 1181 possint
884 1098 933 1164 vel
954 1097 1131 1162 levissimae
1148 1118 1198 1161 res
1218 1097 1284 1160 sive
1302 1098 1342 1159 ad
1360 1116 1449 1159 men-

255 1208 318 1267 tam
343 1203 408 1268 sive
431 1205 471 1266 ad
495 1223 609 1287 eorpus
632 1204 844 1287 pertinentes,
866 1204 981 1267 mirum
1003 1224 1069 1267 non
1090 1206 1197 1286 potest
1216 1202 1333 1279 videri,
1354 1202 1450 1266 etiam

254 1310 289 1373 in
310 1308 370 1374 hoo
389 1330 546 1373 annorum
565 1310 670 1394 spatio
690 1310 837 1394 Euripidi
855 1310 976 1395 aliquid
997 1310 1145 1375 aooidisse
1164 1310 1250 1395 quod
1269 1310 1449 1394 aequiorem

254 1414 485 1499 aliquantisper
515 1416 545 1479 ei
575 1416 719 1480 redderet
749 1417 908 1493 animum,
935 1420 1129 1500 deorumque
1160 1416 1327 1500 imperium
1351 1416 1379 1481 ei
1403 1416 1450 1480 ita

254 1520 405 1605 probaret
428 1526 463 1585 ut
486 1543 506 1585 a
527 1522 816 1606 vituperationibus
839 1523 1015 1587 abstineret
1027 1521 1063 1607 ¹).
1124 1560 1127 1563 ⁴

302 1626 363 1693 Sed
394 1648 503 1691 vereor
533 1650 574 1692 ne
606 1634 698 1692 breve
729 1632 855 1693 tantum
887 1633 1013 1713 tompus
1040 1629 1102 1694 hae
1123 1629 1229 1713 quiete
1250 1628 1375 1693 fruetus
1399 1629 1450 1693 sit.

189 1754 239 1802 408
256 1734 340 1800 Nam
367 1734 506 1818 reliquae
538 1734 633 1799 huius
656 1735 770 1801 aetatis
793 1733 856 1813 (Ol.
881 1734 1055 1813 sae-01.
1082 1737 1170 1814 sal)
1188 1735 1315 1799 fabulae
1335 1736 1451 1819 passim

256 1841 432 1905 osteudunt
455 1841 598 1906 animum
618 1841 875 1906 dubitationibus
896 1864 915 1905 a
934 1864 967 1905 se
984 1842 1055 1926 ipso
1068 1841 1272 1905 dissidentem
1284 1846 1318 1905 et
1329 1841 1451 1906 dissor-

257 1948 403 2024 dantem
438 1970 520 2032 quae
550 1949 635 2012 enim
665 1949 794 2033 pietatis
824 1948 944 2013 indicia
975 1948 1156 2012 notavimus
1178 1948 1253 2011 inde
1276 1948 1452 2012 manabant

256 2058 342 2138 qnod
365 2054 425 2119 diis
447 2056 618 2120 oonteutus
639 2077 706 2119 esse
726 2059 853 2139 potarat
870 2054 996 2139 quoties
1012 2054 1157 2137 justitiae
1175 2058 1207 2117 et
1227 2054 1353 2119 virtutis
1364 2054 1451 2138 leges

255 2164 462 2245 sequerentur
494 2182 597 2246 neque
629 2160 784 2224 humanas
817 2161 1021 2225 ostenderent
1051 2159 1274 2241 infirmitates,
1311 2163 1343 2223 et
1366 2162 1450 2244 quod

256 2287 321 2331 nou
346 2268 423 2331 satis
449 2268 589 2339 habebat
613 2267 811 2332 constantiae
836 2267 1031 2352 fiduciaeque
1054 2271 1091 2330 ut
1114 2266 1206 2331 novis
1229 2266 1325 2331 rebus
1348 2271 1451 2331 totum

255 2394 288 2437 se
313 2374 412 2437 daret.
436 2372 594 2449 Quoniam
617 2374 718 2457 igitur
741 2395 779 2437 ex
803 2373 945 2458 antiquis
970 2372 1088 2458 mythis
1113 2374 1276 2438 matariem
1301 2394 1452 2457 quaerere

255 2479 428 2563 pergebat,
451 2480 553 2563 iisqne
568 2480 754 2563 praesertim
775 2480 831 2563 qui
843 2480 972 2564 aliquod
985 2481 1099 2545 vitium
1111 2481 1241 2544 deorum
1255 2479 1451 2565 exhiberent,

254 2584 375 2650 saetam
399 2588 448 2649 est
470 2589 506 2649 ut
529 2585 753 2669 indignatione
777 2586 927 2669 abreptus
950 2586 985 2650 in
1009 2587 1190 2651 dramatum
1214 2586 1358 2650 oratione
1380 2608 1452 2650 eum

256 2692 453 2775 argumentis
477 2691 659 2775 saepissime
682 2697 844 2778 pugnaret
856 2693 894 2779 2).

302 2796 335 2862 Si
359 2801 465 2862 autem
487 2801 619 2882 rogatur
639 2801 676 2862 ut
696 2800 826 2863 tandem
848 2800 967 2885 aliquid
986 2800 1162 2865 indicemus
1182 2801 1267 2885 quod
1281 2822 1345 2863 non
1359 2801 1452 2865 modo

256 2904 419 2969 admiserit
443 2906 536 2970 modo
561 2906 719 2983 reiecerit‚
745 2907 799 2972 vix
819 2907 992 2991 quidquam
1013 2907 1158 2971 invenire
1178 2929 1308 2991 possum
1329 2910 1455 2991 praetm

190 3137 240 3187 420
293 3130 318 3191 1)
342 3130 384 3193 Pg.
404 3130 436 3179 12
453 3132 586 3195 expositum
604 3136 640 3180 est
656 3130 779 3196 Supplices
796 3132 958 3197 plurimorum
975 3132 1118 3195 conjecturis
1136 3132 1176 3182 01.
1195 3134 1233 3182 89.
1250 3136 1266 3181 4
1283 3132 1382 3189 ascribi;
1403 3132 1454 3195 qui·

255 3210 335 3260 bussi
353 3212 495 3261 eredendum
513 3216 548 3261 est
565 3217 588 3262 et
606 3214 734 3263 Erechthei
752 3230 846 3279 qnoque
863 3213 957 3263 fabulae
973 3214 1027 3279 piae
1042 3214 1106 3263 idem
1120 3230 1196 3263 annus
1209 3215 1321 3266 convenit
1339 3214 1398 3280 (vid.
1414 3230 1454 3279 pg.

257 3294 315 3359 10),
339 3294 397 3343 satia
420 3294 576 3359 probabiliter
599 3297 693 3346 videtur
720 3297 795 3345 statui
811 3313 880 3361 posse
897 3298 1051 3346 cessationem
1074 3296 1145 3354 belli,
1164 3298 1282 3360 quietem,
1299 3298 1453 3346 emunitatem

255 3376 378 3425 restitutas
395 3380 478 3441 poetae
496 3379 571 3427 animi
588 3379 676 3428 mutati
694 3394 788 3428 oausam
807 3379 890 3429 tuisse.

291 3458 318 3522 2)
337 3458 492 3523 flamengus,
515 3461 636 3525 Euripidis
656 3461 766 3511 defensor
789 3470 813 3511 et
831 3462 963 3511 admirator
980 3462 1123 3519 aoerrimus,
1143 3465 1213 3525 negat
1230 3461 1306 3510 ullam
1323 3462 1386 3526 apud
1403 3475 1456 3510 enm

256 3556 337 3591 rerum
356 3541 492 3591 divinarum
509 3542 693 3608 discrepantiam
711 3558 766 3593 esse.
786 3544 918 3594 Contendit
936 3544 1000 3592 anim
1019 3544 1087 3606 (Eur.
1107 3544 1234 3593 restitutos
1252 3545 1272 3592 I.
1290 3560 1327 3609 pg.
1346 3544 1379 3591 ss
1392 3543 1456 3607 sqq.)

256 3639 311 3673 eum
328 3640 402 3675 unum
419 3626 490 3674 deum
508 3626 630 3689 agnovisse
646 3626 794 3685 naturalem,
813 3626 921 3691 potantia
936 3626 1079 3691 justitiaque
1096 3642 1229 3685 summum
1249 3628 1304 3675 deos
1319 3629 1398 3675 autem
1412 3641 1455 3691 po-

256 3706 352 3771 pulares
369 3706 478 3757 habuisse
495 3709 561 3771 quasi
579 3709 715 3768 daemones,
734 3709 790 3758 deos
808 3710 925 3767 minores,
944 3710 1031 3759 summi
1050 3710 1156 3759 numinis
1174 3710 1312 3767 ministros,
1331 3710 1453 3757 variorum

254 3790 433 3839 commodorum
449 3790 598 3846 inventores,
616 3791 688 3840 simul
702 3794 810 3842 anetores
825 3790 1035 3856 perturbationum
1046 3792 1120 3842 animi
1130 3801 1154 3841 et
1163 3807 1335 3841 earumrerum
1344 3791 1452 3840 omnium

256 3869 317 3938 quaa
336 3871 489 3938 ueoopinato,
510 3873 584 3931 torta,
604 3874 663 3922 mire
679 3874 817 3924 hominibus
834 3875 940 3924 renidere
958 3876 1089 3924 videantur.
1109 3878 1178 3940 Quae
1195 3876 1331 3937 conjectura
1345 3873 1454 3938 quamvis

256 3956 376 4020 ingeniose
394 3956 531 4005 elucubrate
550 3957 604 4005 fuco
621 3960 701 4006 tamen
715 3957 824 4024 splendet
839 3958 999 4022 potiusquam
1015 3959 1119 4021 ingenuo
1134 3958 1219 4007 colore.
1235 3957 1327 4007 Vellem
1346 3958 1455 4006 Hartun·

256 4020 321 4103 gir}m
331 4039 445 4104 exemplis
467 4039 611 4089 illustrasset
635 4040 703 4088 illam
726 4041 845 4089 rationem
867 4041 932 4090 inter
953 4056 1074 4089 summum
1098 4042 1168 4089 deum
1195 4045 1220 4089 et
1242 4041 1298 4089 deos
1322 4040 1454 4106 populares.

255 4121 345 4187 Quodsi
363 4125 434 4187 poeta
448 4120 559 4171 habuerit
573 4122 598 4170 id
616 4126 719 4185 systema
733 4126 858 4181 onustans,
873 4124 931 4187 quid
948 4139 1041 4188 semper
1057 4123 1172 4173 irascitur
1180 4121 1333 4172 daemonibus
1341 4121 1453 4186 illis,qni

255 4219 330 4269 quum
352 4220 435 4268 graves
458 4205 554 4252 attentus
579 4209 688 4253 moveant
715 4208 739 4253 et
757 4206 786 4253 ad
808 4205 897 4254 seelera
915 4205 1041 4270 impellant
1059 4206 1184 4271 proprium
1203 4220 1273 4254 suum
1289 4220 1376 4253 munus
1391 4218 1454 4252 exse·

253 4289 375 4351 quantur?
396 4286 479 4334 Nonne
496 4285 624 4336 absurdum
642 4291 677 4335 est
691 4288 806 4336 virtutem
825 4287 851 4335 in
866 4287 916 4357 illis
929 4290 1087 4351 exspectaret
1101 4289 1193 4336 Rursus
1210 4287 1231 4335 si
1244 4286 1332 4336 summi
1346 4284 1451 4335 numinis

252 4350 423 4441 sm-t‘rniuistri
440 4384 516 4433 neque
532 4385 589 4434 ergo
606 4370 648 4418 illo
666 4370 742 4419 inrito
761 4370 817 4420 mali
830 4370 961 4435 quidquam
975 4370 1061 4419 moliri
1076 4370 1181 4435 possint,
1195 4386 1274 4419 nonne
1286 4368 1356 4433 eulpa
1371 4369 1454 4417 eodem

252 4451 348 4508 recidit,
372 4468 419 4516 quo
444 4456 523 4501 nuno?
550 4453 672 4517 Hartnngi
694 4468 762 4502 error
786 4452 911 4502 manifesto
929 4455 1000 4501 uatus
1022 4455 1058 4500 est
1075 4468 1087 4499 e
1105 4453 1184 4502 studio
1202 4450 1337 4500 absolvendi
1354 4453 1450 4514 poetam

256 4535 322 4585 omui
338 4534 510 4585 inooustsntiae
527 4536 634 4585 numine.
