3250 5217
825 382 868 446 62

249 568 353 634 locum
375 566 479 633 Schol.
504 566 581 631 Eur.
605 566 686 631 idem
713 564 870 629 affirmare
893 565 1029 630 videtur.
1049 563 1102 629 Ad
1123 564 1252 650 Hippol.
1274 564 1337 628 601
1359 584 1439 649 quo-

250 696 310 760 que
331 674 366 738 in
391 673 490 739 schol.
516 672 633 738 citatur
656 672 777 754 χρυσέα
799 671 920 755 βῶλος,
944 672 1060 736 omisso
1081 674 1189 736 tamen
1209 671 1361 735 dramatis
1381 692 1441 735 no-

251 781 344 847 mine.
375 782 454 846 Inde
478 780 585 864 ampla
608 779 750 843 nascitur
764 778 813 841 'ad
837 778 1070 863 conjiciendum
1094 778 1251 842 materies.
1281 776 1365 842 Sunt
1385 778 1441 862 qui

250 887 309 953 sibi
335 887 502 952 videantur
538 907 606 950 eam
638 906 746 950 vocem
775 886 949 969 repperisse
972 884 1007 948 in
1030 885 1068 949 fr.
1094 885 1187 968 (771)
1211 882 1439 966 Phaethontis,

249 993 446 1059 aStrabone
476 992 492 1057 Ι
525 1012 579 1077 pg.
613 994 655 1057 33
687 995 829 1075 servato,
855 991 909 1056 ubi
941 1012 999 1076 pro
1032 991 1137 1056 verbis
1158 989 1272 1064 ’Ἤλιος
1306 991 1442 1071 άνύσχων

249 1099 407 1183 χρυσέμ
452 1098 606 1176 βάλλει
654 1099 785 1179 Φλοχὶ
833 1098 1003 1183 legendum
1048 1100 1243 1162 censuerunt
1287 1095 1442 1181 χρυσέᾳ

250 1208 363 1287 βύλῳ
395 1205 546 1286 φλέγει
572 1204 716 1289 (Barnea.
740 1204 879 1270 Forster.
905 1203 1045 1285 Valck.).
1070 1202 1158 1279 Quae
1182 1206 1290 1268 tamen
1316 1205 1442 1289 conjec-

249 1318 323 1377 ture
342 1312 421 1376 mihi
440 1311 589 1375 audacior
601 1310 734 1375 videtur.
749 1308 853 1385 Quum
866 1310 951 1375 enim
963 1310 1023 1374 iste
1037 1332 1146 1375 versus
1158 1310 1357 1395 corruptelae
1368 1310 1442 1375 nul-

251 1420 318 1485 lum
339 1440 414 1503 prae
434 1440 466 1483 se
478 1418 560 1482 ferat
570 1417 739 1494 indicium,
755 1417 833 1502 quin
846 1416 953 1500 potius
966 1417 1081 1481 rectius
1092 1439 1125 1481 se
1137 1416 1255 1481 habeat
1265 1417 1443 1482 meliorem·

250 1548 312 1610 que
335 1524 486 1609 praebeat
510 1545 635 1589 sensum
660 1545 755 1608 quam
767 1524 949 1586 'emendata
972 1522 1094 1587 scilicet
1113 1522 1169 1587 illa
1188 1522 1301 1601 lectio,
1320 1526 1444 1588 mutare

252 1634 348 1697 nolim
374 1631 558 1696 testimonio
582 1629 676 1694 unius
700 1626 855 1712 Diogenis
878 1628 1058 1711 saepissime
1081 1629 1218 1693 errantis
1241 1629 1419 1694 obsecutus.

297 1737 429 1804 Censuit
447 1736 548 1821 igitur
568 1734 761 1799 Matthiaeus
779 1734 843 1798 illis
855 1734 958 1799 verbis
970 1734 1077 1819 potius
1089 1735 1203 1819 respici
1215 1734 1270 1801 Or.
1285 1736 1350 1800 982
1362 1756 1443 1819 sqq.‚

252 1846 368 1931 quibus
390 1843 518 1909 Electra
541 1841 684 1927 querelas
707 1840 847 1905 fundens
871 1841 933 1906 ait:

523 1946 649 2028 μόλοιμι
672 1948 732 2011 τάν
755 1948 880 2028 ούρανοῦ

524 2055 616 2133 μέσον
639 2052 745 2134 χύονύς
771 2078 804 2119 τε
830 2052 1007 2131 τεταμέναν

526 2162 699 2242 αἰωρήμασι
722 2160 846 2239 μυρίαις

525 2268 639 2345 σε’τραν
663 2266 792 2330 άλύσεσι
816 2266 980 2348 χρυσέαισι
1003 2265 1177 2347 φερομέναν
1258 2301 1261 2305 >

525 2375 637 2439 ’δίναισι
661 2372 761 2451 βῶλον
786 2368 822 2449 ἐξ
844 2374 1026 2452 Ὀλύμπου,

524 2477 561 2546 ἵν’
587 2479 617 2544 έν
642 2481 784 2560 θρήνοισιν
808 2478 978 2557 άναβοάσω

527 2586 644 2668 γέροντι
669 2586 763 2667 τατρὶ
788 2586 958 2669 Ταντάλῳ.

299 2695 369 2780 Ego
392 2699 500 2759 tamen
524 2714 627 2775 neque
645 2691 721 2756 huic
740 2692 884 2776 opinioni
904 2695 1052 2758 accedere
1072 2714 1213 2779 possum.
1226 2693 1356 2759 Nullam
1368 2692 1444 2757 solis

253 2802 520 2887 significationem
544 2798 720 2884 perspicere
742 2820 871 2884 possum
894 2800 929 2863 in
954 2800 1057 2865 verbis
1080 2800 1180 2878 βῶλος
1205 2801 1297 2877 μέσον
1321 2803 1444 2879 ούρανοῦ

252 2908 357 2989 χύονύς
390 2934 424 2974 τε
458 2905 616 2985 τεταμένα
650 2906 780 2971 άλύσεσι
805 2905 953 2985 χρυσέαις
978 2909 1143 2987 Φερομένα.
1167 2905 1293 2973 Scholia
1317 2906 1444 2992 quidem

254 3018 387 3079 monent
410 3014 456 3091 ei,
480 3013 535 3098 qui
559 3012 592 3076 id
616 3034 681 3076 non
703 3011 866 3097 intelligat
884 3015 1043 3097 quomodo
1061 3012 1109 3078 sol
1128 3036 1145 3078 e
1165 3013 1285 3078 catenis
1304 3013 1446 3097 pendens

254 3119 448 3187 circumferri
468 3118 584 3203 possit,
605 3119 814 3202 reputandum
839 3140 906 3183 esse
921 3118 1105 3204 Euripidem
1116 3119 1249 3206 physica
1260 3124 1293 3184 et
1304 3119 1447 3205 mythice

155 3240 157 3247 ’
254 3227 462 3301 confundere;
486 3246 595 3289 verum
614 3246 715 3309 neque
727 3225 858 3310 physice
869 3224 1002 3290 istarum
1014 3230 1197 3289 catenarum
1210 3247 1342 3311 usquam
1356 3246 1446 3289 meu-

254 3333 300 3397 tio
319 3332 359 3396 fit
378 3353 479 3417 neque
499 3330 647 3415 mythice.
668 3329 749 3405 Quid
772 3331 855 3415 quod
876 3332 1005 3396 additur
1024 3332 1194 3412 Φερσμέναν
1216 3330 1250 3408 ἐξ
1269 3333 1444 3408 Ὀλύμτου.

253 3439 340 3504 Num
361 3438 439 3503 haec
457 3436 588 3522 physica
608 3440 683 3500 sunt
705 3439 744 3501 de
763 3438 829 3501 sole
841 3437 961 3522 placita
974 3461 1015 3502 an
1029 3438 1186 3523 mythicae
1197 3438 1348 3504 fabulae?
1361 3436 1445 3503 Nolo

254 3547 361 3609 tamen
393 3543 643 3627 unumquodque
669 3544 800 3607 verbnm
825 3546 1021 3627 ponderare,
1046 3544 1121 3629 quia
1144 3544 1223 3609 mihi
1245 3546 1388 3610 nondum
1411 3544 1444 3607 in

253 3651 415 3735 integrum
438 3649 586 3714 restituta
610 3649 734 3714 videtur
756 3650 852 3714 lectio
877 3649 1079 3715 hauddubie
1102 3652 1348 3736 corruptissima.

300 3756 467 3820 Praeterea
488 3755 649 3820 affirmant
670 3754 797 3820 Scholia
817 3756 991 3821 Tantalum
1003 3759 1040 3822 ut
1051 3759 1199 3823 manibus
1211 3759 1311 3843 passis
1323 3759 1446 3824 coelum

253 3866 397 3949 portaret
430 3862 678 3926 condemnatum
711 3861 817 3928 fuisse.
851 3861 898 3928 Ut
929 3864 1094 3929 mittamus
1125 3864 1248 3929 coelum
1272 3866 1358 3929 aliud
1382 3888 1448 3930 esse

255 3969 341 4035 aliud
361 3967 479 4046 solem,
504 3972 611 4033 tamen
635 3967 719 4033 hanc
739 3967 883 4033 fabulam
908 3992 927 4033 a
947 3970 1173 4055 posterioribus
1193 3975 1320 4037 demum
1340 3973 1448 4038 fictam

256 4097 322 4141 esse
345 4074 423 4139 mihi
448 4077 496 4139 est
518 4097 720 4159 persuasum,
745 4073 933 4160 Euripidem
956 4080 1069 4141 contra
1085 4081 1227 4143 secutum
1246 4080 1343 4144 fuisse
1362 4079 1448 4143 anti-

255 4182 397 4267 quiorem
421 4183 454 4246 et
477 4181 687 4265 vulgatiorem
713 4182 858 4265 mythum
883 4204 946 4268 quo
966 4205 1061 4267 rupes
1081 4184 1148 4249 eius
1167 4185 1265 4271 capiti
1283 4185 1448 4251 imminere

256 4289 388 4374 dieitur,
414 4287 681 4372 quemadmodum
701 4288 785 4374 apud
805 4287 1034 4355 Archilochum
1054 4290 1107 4376 (fr.
1130 4291 1172 4357 48
1192 4296 1277 4377 apud
1296 4291 1444 4378 Bergk.):

801 4394 886 4471 Mat·
909 4395 923 4460 ύ
947 4394 1115 4462 Ταντάλου
1139 4398 1266 4479 λέύος,

437 4498 521 4576 τῆςδ’
535 4500 607 4582 ὑπὲρ
631 4502 718 4576 νάσου
741 4501 911 4583 κρεμάσθω.
