3250 5217
767 396 809 460 99

198 574 309 658 quibus
352 574 476 640 ineerta
518 579 551 640 et
591 596 690 662 prope
732 576 870 642 absurda
904 600 980 643 eane
1013 583 1146 645 vooatur
1179 580 1334 646 divinatio
1347 578 1384 666 ¹).

238 681 351 746 Potest
380 681 449 746 fieri
480 685 517 746 ut
546 681 607 746 hoo
631 681 751 747 indioio
775 683 818 748 sit
840 688 967 768 poetam
988 686 1143 770 paulatim
1163 687 1231 771 jem
1256 709 1385 773 vergere

195 787 229 851 in
248 809 299 851 eos
319 787 554 867 dubitationes,
574 788 683 873 quales
703 788 952 856 innumerabiles
970 790 1005 855 in
1024 792 1162 857 seeundo
1181 796 1285 858 aetate
1301 793 1385 879 jum·

191 914 257 977 Jem
281 915 441 960 recensum
463 915 582 961 sumus.

689 1178 885 1187 --——-—

647 1383 836 1469 CAPUT
858 1384 934 1469 VI.

590 1616 637 1667 DE
661 1615 796 1667 Annene
820 1615 990 1667 securim.

610 1785 684 1865 51.
707 1784 769 1850 Dii
790 1787 967 1873 vituperati.

237 1938 276 2003 ln
309 1939 349 2003 iis
383 1937 498 2003 fabulis
521 1958 600 2021 quas
623 1940 797 2002 seeundum
822 1936 1045 2021 complectitur
1066 1936 1220 2022 temporis
1243 1937 1382 2023 spatium

193 2042 372 2109 Necessitas
391 2064 517 2129 quoqne
536 2043 987 2128 eliquendooommemoratnr
1011 2042 1166 2120 verbis;
1191 2043 1226 2107 in
1248 2040 1383 2107 rerum

135 2171 142 2183 ·
192 2156 300 2215 temen
334 2172 428 2216 eursu
459 2150 526 2215 eius
557 2148 604 2214 vis
627 2169 698 2214 roro
731 2149 888 2234 oernitur3
921 2153 954 2214 et
982 2171 1081 2234 quum
1105 2131 1298 2234 plerumque·
1316 2170 1383 2213 sore

163 2244 165 2249 ¹
192 2258 320 2321 tentum
354 2256 552 2342 significetur
586 2255 653 2322 sive
682 2255 739 2319 ille
769 2255 817 2320 vis
847 2277 942 2339 quam
973 2255 1117 2321 homines
1148 2277 1215 2321 non
1246 2256 1385 2340 effugere

191 2362 333 2447 possint,
365 2383 432 2426 non
463 2365 610 2446 apparet⁷
644 2366 751 2426 utrum
782 2361 843 2425 feti
873 2362 1038 2427 cuiusdam
1067 2361 1236 2447 imperium
1268 2384 1310 2426 an
1334 2361 1383 2426 di-

193 2467 301 2532 vinum
325 2468 454 2553 aliquod
478 2489 598 2532 numen
622 2466 674 2532 hio
697 2466 905 2552 intelligatur.
931 2466 1033 2535 (lredo
1052 2471 1180 2553 poetum
1199 2467 1235 2533 in
1254 2489 1288 2533 ro
1307 2467 1381 2532 obs·

193 2574 314 2639 ouriore
336 2579 454 2640 temere
477 2596 529 2639 eus
552 2595 643 2639 voces
667 2593 851 2639 eommunee
874 2595 1042 2659 usurpasse
1054 2573 1091 2660 ²).

237 2679 392 2745 Animum
421 2681 527 2766 potius
558 2682 758 2745 attendamus
789 2682 830 2744 ed
860 2680 1016 2745 rationem
1039 2702 1103 2765 qua
1126 2679 1310 2765 depingitur
1333 2678 1384 2764 ip·

191 2808 297 2851 sorum
328 2787 458 2851 deorum
489 2787 674 2871 imperium3
703 2786 798 2870 idque
823 2786 962 2872 primum
984 2788 1020 2852 in
1044 2785 1214 2872 Hippolyti
1237 2784 1383 2873 coronati

191 2893 388 2979 expositione
412 2892 598 2978 diligentius
621 2894 848 2959 examinemus.

234 3002 275 3066 In
308 3002 441 3087 prologo
473 3000 582 3065 Venus
613 3001 756 3085 queritur
782 2999 1012 3084 Hippolytum,
1036 2998 1151 3064 Thesei
1173 3021 1213 3064 ex
1235 2999 1382 3084 Antiope

192 3106 312 3185 filium,
339 3106 461 3171 cultum
481 3129 574 3171 suum
591 3106 808 3191 negligentem
829 3105 870 3169 ab
891 3125 997 3169 amore
1016 3105 1049 3167 et
1068 3105 1272 3169 matrimonio
1291 3125 1385 3189 pror·

191 3236 244 3278 eus
267 3214 426 3279 abstinere
449 3212 611 3296 solumque
634 3211 771 3276 Dianam
795 3210 953 3295 virginem
978 3210 1139 3295 venereri3
1162 3210 1195 3274 id
1220 3232 1253 3275 se
1276 3210 1384 3294 indig-

227 3451 253 3513 l)
270 3450 301 3499 In
324 3449 422 3505 Medea,
443 3452 569 3513 postquam
593 3447 686 3497 Ieeonie
701 3447 801 3513 perfidie
819 3447 926 3512 exposita
943 3450 992 3506 eet,
1010 3446 1107 3511 eiusque
1124 3462 1184 3496 uxor
1200 3447 1344 3511 significavit
1359 3464 1385 3497 ee

191 3530 295 3581 terribili
311 3531 404 3581 ratione
422 3531 528 3581 ulturum
544 3546 594 3580 esee
611 3529 726 3595 injurium
742 3529 786 3580 eibi
803 3529 912 3589 illatum,
931 3530 1018 3579 chorus
1035 3529 1092 3579 heeo
1108 3529 1173 3579 uenit
1192 3530 1224 3594 (v.
1244 3530 1295 3578 410
1309 3530 1385 3595 eqq.):

506 3610 554 3661 too
571 3616 691 3674 ποταμῶν
710 3612 777 3675 ἱερῶν
794 3613 905 3674 χωροῦσι
922 3610 1018 3674 mul,

507 3694 548 3743 καὶ
568 3692 624 3744 δίκα
641 3694 683 3744 καὶ
701 3693 786 3744 πάντα
802 3692 879 3743 πάλιν
896 3691 1041 3757 στρέφεται.

509 3774 611 3839 ἀνδράσι
631 3776 676 3838 μὲν
693 3774 775 3826 δόλιαι
793 3774 898 3837 βουλαὶ,
915 3773 971 3823 θεῶν
989 3772 1012 3823 δ’

507 3855 591 3908 σιἰκέτι
608 3859 696 3916 πίστις
712 3856 791 3921 ἄραρε.

223 3941 347 3993 Ltblrerue
361 3940 412 4007 (pg.
427 3941 473 4006 40)
487 3956 612 4007 perperim
627 3941 700 3990 vertit
718 3940 804 3990 „selbot
817 3939 855 3989 die
871 3934 948 3989 'liene
965 3940 1007 3988 der
1018 3939 1104 3989 (litter
1113 3938 1283 3988 beetehtnioht
1292 3936 1385 3988 mehr.’'

192 4025 277 4074 Ultimi
303 4040 385 4073 verene
403 4023 448 4074 hoo
463 4024 533 4073 modo
550 4023 725 4089 inter-pretendi
742 4025 810 4073 eunt:
833 4022 893 4071 virio
915 4021 953 4070 vel
975 4029 1085 4071 constent
1101 4021 1201 4070 coneilio
1217 4021 1318 4086 perfide3
1338 4037 1385 4070 non
1464 4053 1467 4057 -

191 4108 293 4173 emplius
310 4122 366 4157 vero
384 4106 414 4155 iio
431 4108 524 4156 oouetut
540 4107 597 4154 fides
614 4106 713 4154 (leonum
731 4104 758 4166 (i.
777 4121 796 4153 e.
816 4108 844 4153 ut
861 4105 907 4153 diis
924 4104 1044 4153 confidunt
1060 4118 1147 4167 eosque
1163 4103 1329 4168 venerentur).

222 4189 250 4254 2)
269 4188 365 4237 Heraol.
385 4189 433 4237 008
451 4187 562 4236 fortunae
581 4187 754 4236 vicissitudines
773 4186 819 4235 diu
835 4189 860 4234 et
874 4185 947 4251 μοίρᾳ
962 4185 1108 4249 eonjunotim
1123 4184 1295 4235 attribuuntur.
1312 4185 1386 4234 Hero.

189 4271 235 4321 fur.
251 4272 300 4321 282
315 4273 533 4321 commemorentur
552 4268 688 4333 ἀναγκαῖος
703 4271 794 4331 τρόπις
809 4271 834 4316 et
843 4268 890 4317 311
901 4268 931 4316 τὸ
942 4265 1030 4330 χρεών.
1044 4268 1102 4317 Heu.
1113 4267 1192 4326 129⁶,
1202 4268 1245 4316 Or.
1255 4267 1317 4324 488,
1328 4266 1385 4314 Hel.

194 4355 241 4405 514
264 4351 361 4416 ἀνάγκη
384 4352 474 4402 invicte
497 4355 602 4401 vocetur.
627 4352 683 4401 Hel.
713 4352 777 4401 1060
793 4354 819 4400 et
836 4350 872 4399 nt
891 4350 956 4399 1801
978 4349 1087 4399 Dioeeuri
1103 4352 1224 4398 testentur
1239 4364 1263 4397 ee
1279 4362 1385 4397 sororem

189 4452 284 4486 uerrere
301 4452 349 4485 non
366 4435 470 4501 potuisse
490 4450 543 4484 oum
561 4433 746 4500 prohiberentur
759 4451 773 4482 u
787 4433 833 4483 ‹liie
851 4436 875 4482 et
888 4432 946 4481 leto.
967 4432 1062 4482 Etenim
1076 4431 1187 4481 Dioeeuri
1199 4434 1268 4480 erent
1281 4429 1385 4479 minoret

189 4518 224 4567 dii
240 4518 340 4581 subjecti
358 4517 460 4585 imperio
477 4516 634 4582 superiorum.
