3250 5217
732 406 794 471 165

166 590 208 655 eis
237 589 291 655 vix
323 590 422 655 alium
449 590 631 675 quempiam
652 590 757 655 locum
780 590 940 668 invenias,
965 590 999 656 in
1023 590 1183 675 quoquis
1205 589 1355 675 injuriam

162 700 323 781 acceptam
346 696 439 761 alteri
462 697 631 764 condonet.

203 802 310 866 Etiam
340 824 380 865 ex
412 800 523 866 Oreste
553 801 662 866 fabula
689 802 846 886 quaedam
876 805 1074 886 excerpenda
1105 805 1190 867 sunt.
1224 801 1352 867 Orestes

159 905 302 971 Menelao
333 907 452 971 dicenti
474 907 607 993 (1604):
633 908 728 983 οὶγνὸς
754 907 817 987 γάρ
841 908 905 981 εἰμι
928 915 1040 987 χεῖρας
1064 908 1253 993 respondet:
1279 909 1353 972 ἀλλ’

161 1015 193 1079 οὔ
213 1014 271 1085 τὰς
292 1013 406 1094 φρένας
421 1011 462 1099 ¹),
483 1014 619 1098 quaein
639 1015 824 1077 memoriam
844 1013 997 1097 redigunt
1008 1013 1165 1078 excelsum
1178 1012 1353 1079 Democriti

160 1122 378 1205 praeceptum:
408 1121 527 1197 abacta
547 1123 579 1185 οὐ
600 1120 634 1183 τὸ
655 1123 698 1195 μὴ
721 1118 851 1184 ἀδικέειν
873 1121 961 1183 ἀλλὰ
982 1121 1016 1185 τὸ
1037 1120 1113 1196 μηδὲ
1135 1118 1240 1184 θέλειν.
1264 1119 1355 1184 Idem

160 1224 284 1290 Orestes
315 1228 411 1291 antea
442 1224 587 1291 Menelao
614 1225 762 1308 roganti,
787 1224 892 1309 qualis
916 1225 1046 1289 morbus
1070 1247 1142 1289 eum
1166 1225 1356 1309 conficeret,

159 1331 366 1417 responderat
388 1332 503 1417 (396):

387 1440 404 1512 ἡ
428 1436 563 1520 ξύνεσις,
588 1430 634 1500 ὅτι
659 1436 780 1501 σύνοιδα
807 1436 878 1501 δείν’
893 1437 1105 1515 εἰργασμένος.

205 1544 294 1608 Haec
318 1544 448 1609 minime
471 1542 554 1607 lesia
578 1544 672 1621 sunt,
695 1542 848 1628 quoniam
871 1543 1047 1608 ostendunt
1065 1544 1151 1629 apud
1170 1544 1354 1629 Euripidem

163 1650 305 1715 Orestem
331 1650 483 1716 facinoris
505 1649 553 1713 sui
577 1649 773 1714 conscientia
797 1650 950 1726 cruciari3
973 1672 1110 1734 quacum
1133 1650 1249 1716 Furiae
1273 1650 1355 1714 nihil

162 1778 328 1822 commune
358 1756 536 1834 habebant,
568 1758 679 1840 utpote
704 1777 785 1839 quae
810 1776 877 1819 non
901 1756 934 1820 in
959 1756 1125 1821 hominnm
1149 1757 1264 1821 animis
1288 1778 1356 1820 vcr-

161 1868 307 1929 sarentur
330 1863 383 1927 sed
403 1866 533 1927 externa
556 1862 658 1945 specie
681 1881 734 1925 eos
758 1864 932 1939 terrerent,
959 1865 1155 1946 quapropter
1176 1863 1245 1945 ipse
1264 1860 1356 1926 Ores·

161 1973 207 2035 tes
228 1970 322 2055 (400)
348 1990 401 2033 eas
424 1991 443 2032 a
466 1968 575 2033 dolore
600 1969 639 2032 de
665 1967 806 2032 facinore
833 1989 890 2032 suo
919 1967 1034 2031 diserte
1057 1970 1215 2052 segregat.
1246 1965 1355 2031 Etiam

161 2076 194 2140 in
223 2076 352 2141 Electra
379 2078 516 2139 terretur
537 2074 676 2158 imagine
700 2074 810 2137 matris
834 2073 987 2157 supplicis
1011 2075 1183 2156 antequam
1208 2071 1355 2136 Dioscuri

162 2185 355 2265 aperuerunt
373 2202 444 2245 eum
466 2202 485 2243 a
504 2179 607 2245 Furiis
627 2180 783 2263 agitatum
803 2178 853 2245 iri.
878 2177 948 2242 Hae
966 2177 1066 2263 igitur
1084 2178 1119 2242 in
1138 2200 1172 2242 re
1184 2177 1352 2261 Euripides

163 2310 181 2351 a
203 2287 334 2372 tragicis
364 2285 579 2371 superioribus
604 2285 746 2349 discessit
768 2285 864 2369 idque
891 2284 1118 2349 convenienter
1140 2284 1204 2348 suis
1227 2283 1353 2368 opinio·

162 2395 266 2459 nibus·
303 2393 399 2481 Apud
430 2414 501 2457 eum
533 2393 617 2456 enim
645 2394 712 2455 tam
740 2392 855 2476 exigua
877 2394 945 2455 erat
967 2393 1097 2455 deorum
1123 2390 1295 2456 auctoritas
1318 2394 1355 2454 ut

163 2499 307 2578 Orestes,
333 2499 392 2565 etsi
415 2499 455 2563 ab
479 2498 631 2583 Apolline
653 2498 780 2561 disertis
805 2498 909 2562 verbis
933 2499 1067 2561 matrem
1091 2497 1230 2562 occidere
1247 2498 1354 2581 jussus

162 2609 249 2684 erat,
272 2608 380 2671 tamen
405 2605 556 2690 gravibus
580 2604 804 2669 sollicitaretur
829 2604 1086 2673 dubitationibus
1110 2603 1274 2689 (etsupra
1296 2624 1352 2687 pg.

163 2715 203 2778 31
236 2715 269 2777 et
300 2712 372 2797 35);
405 2712 513 2795 itaque
545 2714 794 2776 consentaneum
827 2714 876 2775 est
907 2733 978 2775 eum
1009 2710 1149 2775 facinore
1172 2712 1354 2794 perpetrato

162 2843 227 2885 non
251 2824 351 2883 totam
377 2818 503 2903 culpam
526 2818 560 2882 in
586 2820 679 2882 deum
705 2818 864 2894 conferre,
892 2822 925 2882 et
952 2838 1018 2881 non
1046 2817 1149 2881 solum
1176 2815 1280 2879 Furiis
1300 2815 1354 2879 sed

160 2926 255 2991 etiam
280 2925 423 3010 ,propria
460 2924 585 2990 sceleris
616 2924 811 2988 conscientia
843 2923 1009 3007 exagitari.
1046 2922 1190 2986 habento
1223 2920 1354 2985 deorum

161 3031 351 3096 auctoritate
374 3031 474 3095 crevit
497 3029 657 3094 humanae
681 3029 895 3093 conscientiae
918 3028 1101 3092 auctoritas.

204 3137 326 3203 Eodem
346 3137 482 3200 fortasse
499 3136 639 3220 pertinet
661 3135 851 3200 sententiae
870 3134 1053 3218 Melanippe
1071 3135 1195 3197 servata
1208 3131 1286 3216 (vid.
1298 3151 1352 3216 pg.

164 3244 261 3321 116),
291 3265 372 3327 quae
402 3242 541 3306 affirmat
571 3242 649 3307 vitia
676 3242 818 3307 humana
847 3262 914 3305 non
940 3240 976 3303 in
1003 3239 1123 3304 tabulis
1145 3237 1299 3321 inscripta
1321 3240 1355 3300 et

160 3349 304 3432 inspecta
334 3370 353 3411 a
382 3347 464 3413 Jove
487 3348 612 3433 puniri,
637 3349 691 3413 sed
715 3346 817 3411 Dicen
843 3368 942 3432 prope
966 3344 1059 3410 nobis
1081 3344 1201 3409 instare
1224 3342 1252 3407 si
1274 3342 1354 3407 bene

162 3454 281 3519 intueri
304 3454 446 3519 velimus.

208 3562 374 3625 Praeclara
395 3581 521 3644 quoque
540 3559 701 3624 sententia
720 3559 759 3623 de
779 3559 876 3623 saeris
895 3557 1053 3622 faciundis
1074 3556 1109 3621 in
1126 3554 1255 3620 Orionis
1265 3554 1354 3618 flori-

162 3666 245 3751 legio
268 3665 325 3752 (II.
343 3687 374 3750 p.
389 3665 442 3732 55.
457 3666 513 3751 20)
537 3687 575 3729 ex
598 3665 721 3729 incerta
743 3665 909 3749 tragoedia
931 3666 1075 3748 superest
1089 3662 1167 3726 haec
1188 3660 1240 3748 (fr.
1254 3660 1352 3746 940):

431 3766 466 3835 εὗ
490 3769 563 3856 os,
590 3770 664 3836 iras
689 3794 735 3843 τις
761 3770 897 3849 εὐσεβῶν
920 3771 974 3851 to‘p
1001 3771 1096 3846 θεοῖς,

435 3876 492 3942 κᾶν
515 3878 611 3957 μικροὶ
636 3877 705 3965 tris,
731 3877 888 3959 τυγχάνει
913 3876 1081 3954 σωτηρίας,

160 4007 240 4070 qnae
261 3983 469 4049 confirmatur
489 3985 610 4049 ultimis
629 3984 733 4049 verbis
752 3984 926 4068 fragmenti
947 3981 1077 4047 Danaae
1094 3980 1188 4068 (329)
1201 4002 1251 4064 ap.
1265 3978 1353 4045 Stob.

160 4090 226 4176 (97.
253 4091 328 4176 14),
353 4090 469 4174 quibus
493 4089 608 4175 aliquis
632 4089 710 4154 dicit
734 4111 828 4174 saepe
852 4110 886 4154 se
909 4089 1034 4154 ridere:

432 4198 520 4261 θεοῖσι
545 4196 642 4275 μικροὶ
665 4194 746 4277 χειρὶ
773 4195 899 4268 θύοντος
924 4194 999 4267 τέλη

433 4306 492 4367 τῶν
516 4301 742 4379 βουθυτούντων
766 4304 855 4373 ὄντος
881 4298 1127 4381 εὐσεβεστέρους.

197 4540 270 4604 1)or.
281 4539 356 4606 Hipp.
366 4539 427 4592 817³
471 4540 555 4602 χεῖρες
572 4538 616 4601 μὶν
634 4537 724 4603 ἁγναὶ,
740 4537 800 4602 opis
818 4536 842 4587 δ’
857 4535 915 4601 ’ἔχει
933 4534 1037 4599 μίασμά
1054 4554 1088 4585 τι.
