3250 5217
789 410 852 475 121

471 592 577 658 θυσίαν
600 590 715 672 ἄπυρον
737 593 962 673 vereamur

473 699 558 778 δέξαι
582 702 682 780 τλοίρορ
707 701 923 781 τροχυίεῖοαν.

475 806 513 872 σὺ
537 806 600 886 γὰρ
625 804 655 871 ἔν
677 832 713 871 τε
736 806 809 880 θεοῖο
835 814 897 880 τοῖς
921 807 1090 888 οὐρανίδαις

474 920 626 992 σκῆπτρον
647 915 681 979 τί
706 913 778 986 Διὸς
803 912 1029 996 μεταχειρίζοον

474 1019 599 1101 χίονίοον
623 1022 646 1083 ί·
669 1016 760 1101 'Aris
784 1019 931 1102 μετέχεις
955 1023 1056 1103 ἀρχῆς
1076 1019 1113 1106 1).

211 1127 314 1193 Unde
332 1127 360 1191 si
379 1126 457 1190 certi
476 1125 557 1190 nihil
577 1125 660 1191 effici
680 1129 804 1212 potest,
824 1130 934 1191 tamen
953 1127 1056 1192 elucet
1075 1126 1216 1192 studium
1236 1150 1344 1192 earum
1364 1128 1413 1192 fa-

213 1234 387 1309 bularnm,
412 1233 527 1317 quibus
550 1233 656 1297 variae
678 1236 807 1298 deorum
833 1256 987 1318 personae
1006 1237 1045 1297 ad
1066 1256 1166 1298 unum
1188 1256 1306 1298 numen
1324 1255 1416 1299 revo-

215 1344 352 1416 cantur,
384 1340 469 1423 quod
494 1361 513 1403 a
536 1338 698 1423 theologia
730 1341 865 1424 mystica
895 1340 1037 1424 profecto
1066 1361 1131 1404 non
1155 1340 1294 1405 alienum
1317 1338 1415 1426 (τρί’).

217 1446 314 1510 Hanc
339 1466 405 1509 non
430 1466 502 1509 raro
528 1445 568 1509 ab
591 1443 744 1529 Euripide
768 1447 881 1530 respici
904 1468 1000 1530 supra
1017 1447 1084 1530 (pg.
1107 1446 1150 1511 23
1171 1449 1232 1530 sq.)
1252 1445 1417 1510 nonnullis

214 1552 409 1616 testimoniis
433 1552 665 1629 demonstravi,
685 1553 801 1635 quibus
822 1552 973 1617 hocloco
993 1555 1109 1617 addere
1127 1552 1207 1616 libet
1225 1552 1311 1636 quod
1330 1551 1417 1615 inter

214 1678 336 1742 paucos
365 1660 531 1741 poetarum
562 1658 768 1742 antiquorum
800 1658 913 1743 Zagrei
927 1659 953 1741 ⁸)
985 1658 1129 1723 fabulam
1160 1656 1357 1741 significavit
1380 1658 1415 1721 in

214 1762 415 1829 Cretensium
437 1764 596 1841 dramate,
617 1765 727 1849 inquo
741 1764 856 1829 chorus
869 1763 1040 1841 Curetum,
1055 1765 1127 1835 Διὸς
1141 1766 1253 1829 Ἰδαίου
1267 1770 1415 1849 μυστῶν,

215 1870 301 1935 vitae
332 1868 488 1955 Orphicae
520 1870 763 1954 descriptionem
795 1871 881 1935 canit
905 1894 924 1934 a
946 1870 1123 1955 Porphyrio
1149 1873 1306 1935 servatam
1336 1870 1413 1956 (vid.

216 1974 314 2040 Dind.
335 1975 373 2039 fr.
395 1976 460 2041 475
473 1985 515 2053 a).
537 1974 640 2051 Quare
660 1977 698 2040 de
719 1980 787 2041 tota
807 1976 918 2041 fabula
938 1979 1074 2040 testatur
1087 1976 1215 2041 hobeck
1227 1977 1294 2060 (pg.
1310 1976 1412 2062 623);

216 2082 406 2165 »integrum
440 2082 466 2145 si
497 2085 672 2167 superesset
703 2104 849 2159 carmen,
882 2084 966 2146 clare
988 2083 1121 2146 fortasse
1143 2081 1412 2165 intelligeremus,

215 2186 307 2251 illum
335 2186 493 2252 scenicum
518 2187 745 2272 philosophum
771 2209 837 2252 non
859 2188 1071 2272 Anaxagorae
1093 2187 1195 2252 solum
1220 2187 1413 2265 sententias,

216 2293 270 2357 sed
302 2293 509 2376 mysticorum
540 2293 635 2357 etiam
659 2293 714 2377 qui
738 2297 805 2357 tum
833 2293 990 2358 dominati
1014 2295 1090 2358 sunt
1113 2297 1238 2358 decreta
1262 2293 1411 2358 sublimia

216 2398 393 2463 delibasse''
410 2400 444 2483 ί).

405 2624 424 2697 5
448 2617 478 2681 8.
494 2614 676 2682 Conclusio.
700 2618 817 2682 Εονοοννο
840 2619 1019 2681 diuinarum
1042 2618 1220 2681 obscenitas.

261 2785 308 2850 Ut
326 2786 435 2869 paucis
461 2786 610 2850 memoria
634 2788 774 2869 repetam
798 2808 880 2871 quac
902 2807 941 2849 ex
966 2785 1060 2849 huius
1083 2785 1197 2849 aetatis
1216 2784 1332 2849 fabulis
1345 2785 1411 2850 col·

215 2891 366 2975 legimus,
391 2893 594 2955 statuendum
620 2897 667 2955 est
689 2895 815 2975 poetam
840 2892 965 2957 circiter
989 2890 1039 2955 Ol.
1061 2892 1103 2956 87
1122 2891 1558 2955 descivisseasim-431-428

217 2996 360 3080 plicitate
390 2998 564 3081 priscorum
589 2999 771 3082 hominum,
797 2998 853 3082 qui
876 3019 950 3062 vera
972 2998 1150 3061 reverentia
1172 2998 1289 3060 imbuti
1313 3019 1415 3081 neque

217 3102 323 3165 omnia
341 3103 542 3187 intelligendi
563 3104 668 3188 cupidi
690 3104 764 3168 deos
783 3101 953 3187 populares
973 3102 1024 3185 pie
1043 3102 1201 3166 colebant.
1221 3101 1412 3168 Obseruaui-

217 3230 285 3273 mus
304 3209 432 3292 quidem
451 3211 487 3273 in
509 3209 710 3294 sequentium
732 3231 858 3295 quoque
870 3230 1028 3273 annorum
1041 3208 1158 3273 fabulis
1170 3209 1273 3272 multa
1285 3208 1412 3292 pietatis

221 3376 291 3383 -—.-
300 3378 345 3384 --...
359 3376 384 3386 ..a

249 3478 276 3543 l)
301 3477 395 3527 Praller
420 3481 454 3528 ed.
480 3482 507 3540 l,
532 3498 570 3547 pg.
594 3480 626 3534 87
647 3485 717 3547 putat
739 3483 783 3532 hoc
810 3484 903 3533 cantico
922 3484 1009 3548 respici
1029 3484 1137 3548 mythum
1155 3482 1277 3533 Creticum
1297 3483 1326 3533 de
1343 3484 1412 3533 Joris

213 3562 325 3610 descensu
341 3562 371 3610 ad
387 3562 486 3622 inferos
506 3565 625 3613 canticum
641 3566 705 3614 enirn
719 3581 732 3613 e
746 3565 898 3615 Cretensibus
912 3569 1050 3631 excerptum
1063 3566 1153 3626 videri,
1168 3567 1231 3630 quod
1254 3565 1318 3616 idem
1329 3567 1411 3616 Valck.

213 3642 351 3705 conjecerat.
375 3645 503 3693 Pausanias
526 3646 566 3703 ll,
584 3646 623 3704 24,
642 3650 658 3695 4
683 3650 766 3696 narrat
784 3648 808 3695 in
827 3648 932 3713 acropoli
951 3648 1020 3711 Argis
1037 3664 1086 3697 esse
1104 3648 1171 3697 Jovis
1189 3648 1343 3698 simulacrum
1366 3649 1410 3714 lig·

213 3740 293 3783 neum,
321 3727 415 3790 quode
432 3727 504 3776 Troia
521 3732 617 3793 raptum
634 3729 734 3788 dicitur,
753 3734 866 3779 ornatum
882 3730 959 3780 tribus
975 3730 1062 3787 oculis,
1081 3730 1167 3795 quibus
1183 3731 1311 3794 significari
1330 3733 1407 3797 suspi-

214 3810 281 3855 catur
306 3808 392 3857 Jovem
417 3825 465 3857 non
491 3810 569 3859 solum
587 3811 612 3859 in
631 3811 696 3861 coelo
714 3813 754 3860 sed
771 3812 845 3861 etium
862 3812 887 3861 in
905 3813 967 3862 mari
986 3816 1010 3861 et
1027 3814 1052 3861 in
1071 3814 1134 3861 Oreo
1151 3828 1262 3877 regnare;
1284 3814 1412 3864 Plutonem

213 3888 275 3937 anim
301 3888 329 3938 ab
355 3889 461 3939 Homero
484 3892 563 3940 vocari
587 3892 636 3941 Δία
659 3892 825 3956 καταχίίννον
847 3897 872 3943 et
895 3895 1038 3959 Aeschylum
1055 3896 1128 3944 etiam
1146 3896 1220 3945 meris
1237 3898 1308 3946 deum
1324 3898 1410 3947 Jovem

213 3969 298 4019 dixisse
313 3967 442 4035 (badacar
459 3972 505 4022 vid.
524 3974 553 4023 fr.
571 3976 621 4024 433
639 3975 722 4025 Aesch.
741 3977 804 4039 apud
823 3977 916 4038 Dius).

246 4052 273 4115 2)
292 4053 410 4102 uocemue
428 4071 521 4119 quoque
540 4058 697 4106 revocandum
715 4062 750 4107 est
768 4060 850 4107 Aesch.
871 4059 966 4109 Heliad.
984 4061 1013 4109 fr.
1032 4062 1090 4111 osa
1108 4061 1242 4127 (Dind.)i:

414 4136 473 4195 Ζεύς
491 4134 560 4186 ἐστιν
578 4138 660 4199 altar,
679 4140 738 4197 Ζοὺρ
756 4137 783 4188 δὲ
800 4142 849 4202 γῆ,
867 4142 927 4198 Ζευς
945 4139 967 4189 δ’
985 4140 1101 4203 οὐρανὸς,

414 4217 474 4276 Ζειίς
490 4235 530 4267 τοο
548 4221 582 4268 τοι
601 4218 686 4268 πάντα
703 4219 771 4282 χίνίτο
792 4219 865 4270 τῶνδ’
884 4219 1024 4283 ὑπέρτερον.

244 4299 271 4363 3)
288 4301 390 4364 Zagrum
404 4300 429 4350 in
445 4301 590 4351 carminibus
605 4302 719 4367 Orphicis
733 4312 768 4352 cst
782 4304 846 4352 filius
861 4304 1018 4370 Proserpinae
1032 4309 1057 4355 et
1067 4306 1148 4366 Jovis,
1158 4307 1408 4372 quorumconjugium

207 4381 339 4444 comparari
356 4385 435 4446 potest
451 4399 505 4431 cum
524 4384 629 4432 carmine
646 4384 735 4443 allato,
756 4378 796 4434 ubi
813 4385 991 4451 ruptarium
1009 4386 1097 4437 dicitur
1113 4391 1154 4451 qui
1174 4390 1256 4440 Pluto.

225 4462 267 4525 ¹a)
291 4463 386 4527 Reliqui
409 4464 455 4513 loci
478 4465 622 4529 theologiam
646 4466 769 4529 mysticam
792 4471 926 4533 spectantes
952 4469 1065 4532 quoniam
1088 4471 1163 4535 magis
1185 4473 1215 4521 ad
1237 4473 1300 4522 vitae
1319 4473 1411 4523 mucii·

210 4544 312 4593 moniam
330 4545 464 4610 pertinent,
482 4548 580 4612 posthac
597 4548 772 4599 tractabuntur.
