<?xml version="1.0" encoding="UTF-8"?>
<!DOCTYPE html PUBLIC "-//W3C//DTD XHTML 1.0 Transitional//EN"
    "http://www.w3.org/TR/xhtml1/DTD/xhtml1-transitional.dtd">
<html xmlns="http://www.w3.org/1999/xhtml" xml:lang="en" lang="en">
 <head>
  <title>
</title>
<meta http-equiv="Content-Type" content="text/html;charset=utf-8" />
  <meta name='ocr-system' content='tesseract 3.04.00' />
  <meta name='ocr-capabilities' content='ocr_page ocr_carea ocr_par ocr_line ocrx_word'/>
</head>
<body>
  <div class='ocr_page' id='page_1' title='image "./commentatiodeeu00unkngoog_0193.png"; bbox 0 0 3250 5217; ppageno 0'>
   <div class='ocr_carea' id='block_1_1' title="bbox 741 429 802 495">
    <p class='ocr_par' dir='ltr' id='par_1_1' title="bbox 741 429 802 495">
     <span class='ocr_line' id='line_1_1' title="bbox 741 429 802 495; baseline 0 -1"><span class='ocrx_word' id='word_1_1' title='bbox 741 429 802 495; x_wconf 89' lang='lat'>181</span> 
     </span>
    </p>
   </div>
   <div class='ocr_carea' id='block_1_2' title="bbox 177 610 1374 910">
    <p class='ocr_par' dir='ltr' id='par_1_2' title="bbox 177 610 1374 910">
     <span class='ocr_line' id='line_1_2' title="bbox 180 610 1366 701; baseline 0.007 -27"><span class='ocrx_word' id='word_1_2' title='bbox 180 632 290 675; x_wconf 86' lang='lat' dir='ltr'>causac</span> <span class='ocrx_word' id='word_1_3' title='bbox 312 610 347 675; x_wconf 94' lang='lat' dir='ltr'>in</span> <span class='ocrx_word' id='word_1_4' title='bbox 370 615 521 697; x_wconf 91' lang='lat' dir='ltr'>promptu</span> <span class='ocrx_word' id='word_1_5' title='bbox 543 616 628 677; x_wconf 90' lang='lat' dir='ltr'>sunt.</span> <span class='ocrx_word' id='word_1_6' title='bbox 652 611 742 678; x_wconf 89' lang='lat' dir='ltr'>Nulli</span> <span class='ocrx_word' id='word_1_7' title='bbox 765 613 910 680; x_wconf 90' lang='lat' dir='ltr'>homines</span> <span class='ocrx_word' id='word_1_8' title='bbox 931 613 1093 700; x_wconf 82' lang='lat' dir='ltr'><strong>Euripidis</strong></span> <span class='ocrx_word' id='word_1_9' title='bbox 1113 615 1244 699; x_wconf 87' lang='lat' dir='ltr'>ingenio</span> <span class='ocrx_word' id='word_1_10' title='bbox 1264 616 1366 701; x_wconf 83' lang='lat' dir='ltr'>magis</span> 
     </span>
     <span class='ocr_line' id='line_1_3' title="bbox 177 717 1374 809; baseline 0.008 -29"><span class='ocrx_word' id='word_1_11' title='bbox 177 717 401 801; x_wconf 76' lang='lat' dir='ltr'>repugnabant</span> <span class='ocrx_word' id='word_1_12' title='bbox 435 741 530 803; x_wconf 88' lang='lat' dir='ltr'>quam</span> <span class='ocrx_word' id='word_1_13' title='bbox 560 718 754 803; x_wconf 68' lang='lat' dir='ltr'><strong>Spartiatae,</strong></span> <span class='ocrx_word' id='word_1_14' title='bbox 783 720 839 805; x_wconf 93' lang='lat' dir='ltr'>qui</span> <span class='ocrx_word' id='word_1_15' title='bbox 871 725 961 786; x_wconf 90' lang='lat' dir='ltr'>artes</span> <span class='ocrx_word' id='word_1_16' title='bbox 987 720 1233 807; x_wconf 85' lang='lat' dir='ltr'>disciplinasque</span> <span class='ocrx_word' id='word_1_17' title='bbox 1255 743 1374 809; x_wconf 73' lang='lat' dir='ltr'>omnes,</span> 
     </span>
     <span class='ocr_line' id='line_1_4' title="bbox 177 824 899 910; baseline 0.008 -25"><span class='ocrx_word' id='word_1_18' title='bbox 177 825 433 902; x_wconf 78' lang='lat' dir='ltr'>contemnerent,</span> <span class='ocrx_word' id='word_1_19' title='bbox 459 824 505 888; x_wconf 91' lang='lat' dir='ltr'>nil</span> <span class='ocrx_word' id='word_1_20' title='bbox 529 824 590 889; x_wconf 89' lang='lat' dir='ltr'>nisi</span> <span class='ocrx_word' id='word_1_21' title='bbox 613 846 726 910; x_wconf 86' lang='lat' dir='ltr'>corpus</span> <span class='ocrx_word' id='word_1_22' title='bbox 750 828 899 891; x_wconf 89' lang='lat' dir='ltr'>colerent.</span> 
     </span>
    </p>
   </div>
   <div class='ocr_carea' id='block_1_3' title="bbox 261 1116 1276 1322">
    <p class='ocr_par' dir='ltr' id='par_1_3' title="bbox 261 1116 1276 1322">
     <span class='ocr_line' id='line_1_5' title="bbox 261 1116 1276 1203; baseline 0.006 -23"><span class='ocrx_word' id='word_1_23' title='bbox 261 1141 284 1180; x_wconf 87' lang='lat' dir='ltr'>o.</span> <span class='ocrx_word' id='word_1_24' title='bbox 320 1116 498 1193; x_wconf 73' lang='lat' dir='ltr'>Quarum</span> <span class='ocrx_word' id='word_1_25' title='bbox 524 1118 715 1203; x_wconf 87' lang='lat' dir='ltr'>partium</span> <span class='ocrx_word' id='word_1_26' title='bbox 738 1118 928 1185; x_wconf 81' lang='lat' dir='ltr'>civilium</span> <span class='ocrx_word' id='word_1_27' title='bbox 954 1122 1144 1185; x_wconf 76' lang='lat' dir='ltr'>sectator</span> <span class='ocrx_word' id='word_1_28' title='bbox 1167 1126 1276 1185; x_wconf 89' lang='lat' dir='ltr'>esset</span> 
     </span>
     <span class='ocr_line' id='line_1_6' title="bbox 649 1237 886 1322; baseline -0.004 -20"><span class='ocrx_word' id='word_1_29' title='bbox 649 1237 886 1322; x_wconf 78' lang='lat' dir='ltr'>Euripides.</span> 
     </span>
    </p>
   </div>
   <div class='ocr_carea' id='block_1_4' title="bbox 175 1444 1457 2815">
    <p class='ocr_par' dir='ltr' id='par_1_4' title="bbox 175 1444 1457 2282">
     <span class='ocr_line' id='line_1_7' title="bbox 219 1444 1368 1541; baseline 0.006 -25"><span class='ocrx_word' id='word_1_30' title='bbox 219 1450 265 1516; x_wconf 90' lang='lat' dir='ltr'>Ut</span> <span class='ocrx_word' id='word_1_31' title='bbox 294 1454 544 1517; x_wconf 87' lang='lat' dir='ltr'>consentaneum</span> <span class='ocrx_word' id='word_1_32' title='bbox 576 1456 626 1518; x_wconf 91' lang='lat' dir='ltr'>est</span> <span class='ocrx_word' id='word_1_33' title='bbox 655 1453 689 1518; x_wconf 91' lang='lat' dir='ltr'>in</span> <span class='ocrx_word' id='word_1_34' title='bbox 721 1453 852 1525; x_wconf 85' lang='lat' dir='ltr'>homine</span> <span class='ocrx_word' id='word_1_35' title='bbox 875 1454 926 1518; x_wconf 96' lang='lat' dir='ltr'>cui</span> <span class='ocrx_word' id='word_1_36' title='bbox 949 1455 1016 1518; x_wconf 89' lang='lat' dir='ltr'>tam</span> <span class='ocrx_word' id='word_1_37' title='bbox 1042 1476 1115 1519; x_wconf 90' lang='lat' dir='ltr'>cara</span> <span class='ocrx_word' id='word_1_38' title='bbox 1137 1444 1221 1521; x_wconf 85' lang='lat' dir='ltr'>esset</span> <span class='ocrx_word' id='word_1_39' title='bbox 1241 1458 1368 1541; x_wconf 89' lang='lat' dir='ltr'>patria,</span> 
     </span>
     <span class='ocr_line' id='line_1_8' title="bbox 176 1557 1457 1646; baseline 0.006 -25"><span class='ocrx_word' id='word_1_40' title='bbox 176 1557 312 1622; x_wconf 90' lang='lat' dir='ltr'>multum</span> <span class='ocrx_word' id='word_1_41' title='bbox 348 1558 414 1623; x_wconf 92' lang='lat' dir='ltr'>eius</span> <span class='ocrx_word' id='word_1_42' title='bbox 447 1559 601 1624; x_wconf 79' lang='lat' dir='ltr'>intererat</span> <span class='ocrx_word' id='word_1_43' title='bbox 637 1582 718 1646; x_wconf 88' lang='lat' dir='ltr'>quae</span> <span class='ocrx_word' id='word_1_44' title='bbox 753 1560 836 1625; x_wconf 90' lang='lat' dir='ltr'>ratio</span> <span class='ocrx_word' id='word_1_45' title='bbox 870 1560 1079 1625; x_wconf 78' lang='lat' dir='ltr'>intercederet</span> <span class='ocrx_word' id='word_1_46' title='bbox 1106 1561 1191 1626; x_wconf 88' lang='lat' dir='ltr'>inter</span> <span class='ocrx_word' id='word_1_47' title='bbox 1220 1562 1367 1629; x_wconf 81' lang='lat' dir='ltr'>Athenas</span> <span class='ocrx_word' id='word_1_48' title='bbox 1453 1597 1457 1619; x_wconf 87' lang='lat'><strong>·</strong></span> 
     </span>
     <span class='ocr_line' id='line_1_9' title="bbox 176 1665 1450 1751; baseline 0.006 -24"><span class='ocrx_word' id='word_1_49' title='bbox 176 1667 384 1748; x_wconf 85' lang='lat' dir='ltr'>externasque</span> <span class='ocrx_word' id='word_1_50' title='bbox 413 1668 543 1749; x_wconf 80' lang='lat' dir='ltr'>gentes,</span> <span class='ocrx_word' id='word_1_51' title='bbox 567 1668 599 1730; x_wconf 95' lang='lat' dir='ltr'>et</span> <span class='ocrx_word' id='word_1_52' title='bbox 621 1668 781 1751; x_wconf 90' lang='lat' dir='ltr'>quomodo</span> <span class='ocrx_word' id='word_1_53' title='bbox 806 1665 841 1729; x_wconf 91' lang='lat' dir='ltr'>in</span> <span class='ocrx_word' id='word_1_54' title='bbox 865 1665 936 1748; x_wconf 89' lang='lat' dir='ltr'>ipsa</span> <span class='ocrx_word' id='word_1_55' title='bbox 957 1665 1088 1730; x_wconf 83' lang='lat' dir='ltr'>civitate</span> <span class='ocrx_word' id='word_1_56' title='bbox 1111 1688 1170 1731; x_wconf 87' lang='lat' dir='ltr'>sua</span> <span class='ocrx_word' id='word_1_57' title='bbox 1192 1688 1241 1732; x_wconf 91' lang='lat' dir='ltr'>res</span> <span class='ocrx_word' id='word_1_58' title='bbox 1265 1668 1366 1735; x_wconf 90' lang='lat' dir='ltr'>admi·</span> <span class='ocrx_word' id='word_1_59' title='bbox 1447 1719 1450 1725; x_wconf 86' lang='grc'><strong>-</strong></span> 
     </span>
     <span class='ocr_line' id='line_1_10' title="bbox 178 1770 1366 1855; baseline 0.005 -22"><span class='ocrx_word' id='word_1_60' title='bbox 178 1771 399 1837; x_wconf 87' lang='lat' dir='ltr'>nistrarentur.</span> <span class='ocrx_word' id='word_1_61' title='bbox 424 1771 464 1835; x_wconf 91' lang='lat' dir='ltr'>In</span> <span class='ocrx_word' id='word_1_62' title='bbox 487 1771 651 1837; x_wconf 89' lang='lat' dir='ltr'>nonnullis</span> <span class='ocrx_word' id='word_1_63' title='bbox 672 1770 789 1835; x_wconf 88' lang='lat' dir='ltr'>fabulis</span> <span class='ocrx_word' id='word_1_64' title='bbox 809 1770 921 1855; x_wconf 90' lang='lat' dir='ltr'>procul</span> <span class='ocrx_word' id='word_1_65' title='bbox 942 1770 1039 1835; x_wconf 90' lang='lat' dir='ltr'>dubio</span> <span class='ocrx_word' id='word_1_66' title='bbox 1059 1774 1188 1837; x_wconf 87' lang='lat' dir='ltr'>exstant</span> <span class='ocrx_word' id='word_1_67' title='bbox 1207 1773 1366 1839; x_wconf 87' lang='lat' dir='ltr'>foederum</span> 
     </span>
     <span class='ocr_line' id='line_1_11' title="bbox 175 1877 1367 1964; baseline 0.002 -21"><span class='ocrx_word' id='word_1_68' title='bbox 175 1882 208 1943; x_wconf 92' lang='lat' dir='ltr'>et</span> <span class='ocrx_word' id='word_1_69' title='bbox 229 1877 386 1943; x_wconf 90' lang='lat' dir='ltr'>bellorum</span> <span class='ocrx_word' id='word_1_70' title='bbox 410 1878 681 1962; x_wconf 88' lang='lat' dir='ltr'>significationes,</span> <span class='ocrx_word' id='word_1_71' title='bbox 707 1900 787 1962; x_wconf 91' lang='lat' dir='ltr'>quae</span> <span class='ocrx_word' id='word_1_72' title='bbox 811 1881 939 1960; x_wconf 91' lang='lat' dir='ltr'>tamen,</span> <span class='ocrx_word' id='word_1_73' title='bbox 965 1877 992 1941; x_wconf 94' lang='lat' dir='ltr'>si</span> <span class='ocrx_word' id='word_1_74' title='bbox 1010 1878 1178 1962; x_wconf 89' lang='lat' dir='ltr'>ignoratur</span> <span class='ocrx_word' id='word_1_75' title='bbox 1197 1902 1261 1964; x_wconf 87' lang='lat' dir='ltr'>qno.</span> <span class='ocrx_word' id='word_1_76' title='bbox 1281 1902 1367 1945; x_wconf 90' lang='lat' dir='ltr'>anno</span> 
     </span>
     <span class='ocr_line' id='line_1_12' title="bbox 176 1983 1367 2071; baseline 0.004 -24"><span class='ocrx_word' id='word_1_77' title='bbox 176 1983 282 2049; x_wconf 85' lang='lat' dir='ltr'>fabula</span> <span class='ocrx_word' id='word_1_78' title='bbox 312 2006 424 2050; x_wconf 82' lang='lat' dir='ltr'>scenae</span> <span class='ocrx_word' id='word_1_79' title='bbox 456 1985 624 2050; x_wconf 85' lang='lat' dir='ltr'>commissa</span> <span class='ocrx_word' id='word_1_80' title='bbox 655 1985 713 2068; x_wconf 90' lang='lat' dir='ltr'>sit,</span> <span class='ocrx_word' id='word_1_81' title='bbox 748 1984 800 2048; x_wconf 82' lang='lat' dir='ltr'>vix</span> <span class='ocrx_word' id='word_1_82' title='bbox 827 2006 899 2049; x_wconf 90' lang='lat' dir='ltr'>cum</span> <span class='ocrx_word' id='word_1_83' title='bbox 924 1988 1010 2049; x_wconf 82' lang='lat' dir='ltr'>certa</span> <span class='ocrx_word' id='word_1_84' title='bbox 1033 1983 1096 2048; x_wconf 85' lang='lat' dir='ltr'>fide</span> <span class='ocrx_word' id='word_1_85' title='bbox 1119 1988 1160 2048; x_wconf 90' lang='lat' dir='ltr'>ad</span> <span class='ocrx_word' id='word_1_86' title='bbox 1186 2007 1236 2049; x_wconf 87' lang='lat' dir='ltr'>res</span> <span class='ocrx_word' id='word_1_87' title='bbox 1260 1992 1367 2071; x_wconf 90' lang='lat' dir='ltr'>gestas</span> 
     </span>
     <span class='ocr_line' id='line_1_13' title="bbox 181 2090 1368 2176; baseline 0.003 -22"><span class='ocrx_word' id='word_1_88' title='bbox 181 2091 322 2155; x_wconf 84' lang='lat' dir='ltr'>revocari</span> <span class='ocrx_word' id='word_1_89' title='bbox 345 2095 489 2176; x_wconf 90' lang='lat' dir='ltr'>possunt.</span> <span class='ocrx_word' id='word_1_90' title='bbox 522 2090 591 2165; x_wconf 79' lang='lat' dir='ltr'>Qua</span> <span class='ocrx_word' id='word_1_91' title='bbox 622 2094 660 2155; x_wconf 89' lang='lat' dir='ltr'>de</span> <span class='ocrx_word' id='word_1_92' title='bbox 690 2112 724 2154; x_wconf 91' lang='lat' dir='ltr'>re</span> <span class='ocrx_word' id='word_1_93' title='bbox 755 2112 837 2176; x_wconf 87' lang='lat' dir='ltr'>qnae</span> <span class='ocrx_word' id='word_1_94' title='bbox 860 2091 1072 2175; x_wconf 88' lang='lat' dir='ltr'>conjiciuntur</span> <span class='ocrx_word' id='word_1_95' title='bbox 1097 2092 1227 2175; x_wconf 86' lang='lat' dir='ltr'>exposui</span> <span class='ocrx_word' id='word_1_96' title='bbox 1252 2092 1315 2157; x_wconf 87' lang='lat' dir='ltr'>fere</span> <span class='ocrx_word' id='word_1_97' title='bbox 1334 2093 1368 2157; x_wconf 93' lang='lat' dir='ltr'>in</span> 
     </span>
     <span class='ocr_line' id='line_1_14' title="bbox 180 2197 774 2282; baseline 0.003 -22"><span class='ocrx_word' id='word_1_98' title='bbox 180 2197 443 2263; x_wconf 89' lang='lat' dir='ltr'>annotationibus</span> <span class='ocrx_word' id='word_1_99' title='bbox 466 2200 505 2263; x_wconf 91' lang='lat' dir='ltr'>ad</span> <span class='ocrx_word' id='word_1_100' title='bbox 529 2219 602 2282; x_wconf 85' lang='lat' dir='ltr'>pag.</span> <span class='ocrx_word' id='word_1_101' title='bbox 631 2198 774 2262; x_wconf 81' lang='lat'>10-15.</span> 
     </span>
    </p>

    <p class='ocr_par' dir='ltr' id='par_1_5' title="bbox 176 2303 1375 2815">
     <span class='ocr_line' id='line_1_15' title="bbox 221 2303 1370 2389; baseline 0.001 -20"><span class='ocrx_word' id='word_1_102' title='bbox 221 2303 295 2369; x_wconf 82' lang='lat' dir='ltr'>Jam</span> <span class='ocrx_word' id='word_1_103' title='bbox 332 2325 521 2388; x_wconf 86' lang='lat' dir='ltr'>quaeramus</span> <span class='ocrx_word' id='word_1_104' title='bbox 554 2304 630 2389; x_wconf 93' lang='lat' dir='ltr'>quid</span> <span class='ocrx_word' id='word_1_105' title='bbox 659 2306 698 2369; x_wconf 88' lang='lat' dir='ltr'>de</span> <span class='ocrx_word' id='word_1_106' title='bbox 722 2303 885 2388; x_wconf 87' lang='lat' dir='ltr'>republica</span> <span class='ocrx_word' id='word_1_107' title='bbox 908 2304 1050 2388; x_wconf 89' lang='lat' dir='ltr'>regenda</span> <span class='ocrx_word' id='word_1_108' title='bbox 1073 2304 1242 2371; x_wconf 88' lang='lat' dir='ltr'>censuerit.</span> <span class='ocrx_word' id='word_1_109' title='bbox 1276 2304 1370 2380; x_wconf 70' lang='lat' dir='ltr'>Quod,</span> 
     </span>
     <span class='ocr_line' id='line_1_16' title="bbox 176 2410 1368 2495; baseline 0.002 -21"><span class='ocrx_word' id='word_1_110' title='bbox 176 2411 209 2475; x_wconf 93' lang='lat' dir='ltr'>id</span> <span class='ocrx_word' id='word_1_111' title='bbox 242 2431 307 2474; x_wconf 90' lang='lat' dir='ltr'>non</span> <span class='ocrx_word' id='word_1_112' title='bbox 339 2411 408 2475; x_wconf 88' lang='lat' dir='ltr'>sine</span> <span class='ocrx_word' id='word_1_113' title='bbox 439 2411 543 2476; x_wconf 87' lang='lat' dir='ltr'>fructu</span> <span class='ocrx_word' id='word_1_114' title='bbox 574 2432 725 2495; x_wconf 81' lang='lat' dir='ltr'>quaerere</span> <span class='ocrx_word' id='word_1_115' title='bbox 748 2432 933 2495; x_wconf 87' lang='lat' dir='ltr'>possumus,</span> <span class='ocrx_word' id='word_1_116' title='bbox 958 2410 991 2473; x_wconf 92' lang='lat' dir='ltr'>id</span> <span class='ocrx_word' id='word_1_117' title='bbox 1015 2414 1180 2495; x_wconf 90' lang='lat' dir='ltr'>acceptum</span> <span class='ocrx_word' id='word_1_118' title='bbox 1203 2411 1368 2476; x_wconf 87' lang='lat' dir='ltr'>referimus</span> 
     </span>
     <span class='ocr_line' id='line_1_17' title="bbox 178 2516 1375 2603; baseline 0.001 -22"><span class='ocrx_word' id='word_1_119' title='bbox 178 2520 355 2602; x_wconf 85' lang='lat' dir='ltr'>temporum</span> <span class='ocrx_word' id='word_1_120' title='bbox 388 2517 546 2595; x_wconf 89' lang='lat' dir='ltr'>incuriae,</span> <span class='ocrx_word' id='word_1_121' title='bbox 576 2539 640 2602; x_wconf 90' lang='lat' dir='ltr'>qua</span> <span class='ocrx_word' id='word_1_122' title='bbox 670 2516 857 2601; x_wconf 84' lang='lat' dir='ltr'>Euripides,</span> <span class='ocrx_word' id='word_1_123' title='bbox 882 2516 1014 2581; x_wconf 92' lang='lat' dir='ltr'>heroum</span> <span class='ocrx_word' id='word_1_124' title='bbox 1036 2518 1240 2603; x_wconf 87' lang='lat' dir='ltr'>antiquorum</span> <span class='ocrx_word' id='word_1_125' title='bbox 1265 2537 1375 2582; x_wconf 89' lang='lat' dir='ltr'>mores.</span> 
     </span>
     <span class='ocr_line' id='line_1_18' title="bbox 176 2623 1368 2710; baseline -0.001 -20"><span class='ocrx_word' id='word_1_126' title='bbox 176 2647 249 2690; x_wconf 92' lang='lat' dir='ltr'>cum</span> <span class='ocrx_word' id='word_1_127' title='bbox 271 2624 476 2709; x_wconf 84' lang='lat' dir='ltr'>depingeret,</span> <span class='ocrx_word' id='word_1_128' title='bbox 497 2646 572 2689; x_wconf 90' lang='lat' dir='ltr'>suae</span> <span class='ocrx_word' id='word_1_129' title='bbox 591 2624 704 2688; x_wconf 86' lang='lat' dir='ltr'>aetatis</span> <span class='ocrx_word' id='word_1_130' title='bbox 727 2624 811 2708; x_wconf 89' lang='lat' dir='ltr'>leges</span> <span class='ocrx_word' id='word_1_131' title='bbox 828 2626 861 2688; x_wconf 90' lang='lat' dir='ltr'>et</span> <span class='ocrx_word' id='word_1_132' title='bbox 870 2623 1020 2688; x_wconf 87' lang='lat' dir='ltr'>instituta</span> <span class='ocrx_word' id='word_1_133' title='bbox 1031 2624 1072 2688; x_wconf 91' lang='lat' dir='ltr'>iis</span> <span class='ocrx_word' id='word_1_134' title='bbox 1083 2624 1240 2710; x_wconf 88' lang='lat' dir='ltr'>praebuit</span> <span class='ocrx_word' id='word_1_135' title='bbox 1264 2624 1368 2708; x_wconf 82' lang='lat' dir='ltr'>Reges</span> 
     </span>
     <span class='ocr_line' id='line_1_19' title="bbox 176 2728 1366 2815; baseline 0.001 -21"><span class='ocrx_word' id='word_1_136' title='bbox 176 2734 260 2815; x_wconf 89' lang='lat' dir='ltr'>apud</span> <span class='ocrx_word' id='word_1_137' title='bbox 293 2752 364 2795; x_wconf 90' lang='lat' dir='ltr'>eum</span> <span class='ocrx_word' id='word_1_138' title='bbox 397 2729 479 2795; x_wconf 85' lang='lat' dir='ltr'>nihil</span> <span class='ocrx_word' id='word_1_139' title='bbox 507 2730 609 2794; x_wconf 85' lang='lat' dir='ltr'>invito</span> <span class='ocrx_word' id='word_1_140' title='bbox 637 2730 755 2814; x_wconf 92' lang='lat' dir='ltr'>populo</span> <span class='ocrx_word' id='word_1_141' title='bbox 780 2731 830 2794; x_wconf 87' lang='lat' dir='ltr'>vel</span> <span class='ocrx_word' id='word_1_142' title='bbox 854 2730 993 2794; x_wconf 85' lang='lat' dir='ltr'>exercitu</span> <span class='ocrx_word' id='word_1_143' title='bbox 1016 2728 1118 2796; x_wconf 82' lang='lat' dir='ltr'>faeere</span> <span class='ocrx_word' id='word_1_144' title='bbox 1142 2730 1271 2795; x_wconf 90' lang='lat' dir='ltr'>audent.</span> <span class='ocrx_word' id='word_1_145' title='bbox 1307 2730 1366 2795; x_wconf 90' lang='lat' dir='ltr'>Ion</span> 
     </span>
    </p>
   </div>
   <div class='ocr_carea' id='block_1_5' title="bbox 175 2817 1497 2921">
    <p class='ocr_par' dir='ltr' id='par_1_6' title="bbox 175 2817 1497 2921">
     <span class='ocr_line' id='line_1_20' title="bbox 175 2817 1497 2921; baseline 0.001 -20"><span class='ocrx_word' id='word_1_146' title='bbox 175 2838 252 2921; x_wconf 88' lang='lat' dir='ltr'>(vid.</span> <span class='ocrx_word' id='word_1_147' title='bbox 277 2858 331 2921; x_wconf 87' lang='lat' dir='ltr'>pg.</span> <span class='ocrx_word' id='word_1_148' title='bbox 360 2837 436 2920; x_wconf 82' lang='lat'>178)</span> <span class='ocrx_word' id='word_1_149' title='bbox 457 2840 488 2901; x_wconf 92' lang='lat' dir='ltr'>et</span> <span class='ocrx_word' id='word_1_150' title='bbox 509 2836 648 2901; x_wconf 81' lang='lat' dir='ltr'>Theseus</span> <span class='ocrx_word' id='word_1_151' title='bbox 668 2835 792 2921; x_wconf 82' lang='lat' dir='ltr'>(Suppl.</span> <span class='ocrx_word' id='word_1_152' title='bbox 815 2836 880 2900; x_wconf 84' lang='lat'>232</span> <span class='ocrx_word' id='word_1_153' title='bbox 893 2837 976 2921; x_wconf 86' lang='lat' dir='ltr'>sqq.)</span> <span class='ocrx_word' id='word_1_154' title='bbox 989 2839 1125 2901; x_wconf 90' lang='lat' dir='ltr'>narrant</span> <span class='ocrx_word' id='word_1_155' title='bbox 1133 2837 1240 2901; x_wconf 83' lang='lat' dir='ltr'>studia</span> <span class='ocrx_word' id='word_1_156' title='bbox 1251 2836 1367 2902; x_wconf 79' lang='lat' dir='ltr'>civium</span> <span class='ocrx_word' id='word_1_157' title='bbox 1462 2859 1464 2864; x_wconf 75' lang='grc'>’</span> <span class='ocrx_word' id='word_1_158' title='bbox 1493 2817 1497 2823; x_wconf 43' lang='grc'>’</span> 
     </span>
    </p>
   </div>
   <div class='ocr_carea' id='block_1_6' title="bbox 174 2941 1368 3559">
    <p class='ocr_par' dir='ltr' id='par_1_7' title="bbox 174 2941 1368 3327">
     <span class='ocr_line' id='line_1_21' title="bbox 175 2941 1365 3028; baseline 0 -21"><span class='ocrx_word' id='word_1_159' title='bbox 175 2943 263 3027; x_wconf 88' lang='lat' dir='ltr'>quasi</span> <span class='ocrx_word' id='word_1_160' title='bbox 283 2943 460 3027; x_wconf 88' lang='lat' dir='ltr'>aequalium</span> <span class='ocrx_word' id='word_1_161' title='bbox 482 2946 610 3025; x_wconf 88' lang='lat' dir='ltr'>poetae;</span> <span class='ocrx_word' id='word_1_162' title='bbox 632 2942 821 3025; x_wconf 90' lang='lat' dir='ltr'>quinetiam</span> <span class='ocrx_word' id='word_1_163' title='bbox 834 2941 966 3006; x_wconf 87' lang='lat' dir='ltr'>Hecuba</span> <span class='ocrx_word' id='word_1_164' title='bbox 978 2941 1026 3019; x_wconf 87' lang='lat' dir='ltr'>(in</span> <span class='ocrx_word' id='word_1_165' title='bbox 1039 2963 1134 3026; x_wconf 83' lang='lat' dir='ltr'>cogn.</span> <span class='ocrx_word' id='word_1_166' title='bbox 1147 2941 1212 3009; x_wconf 86' lang='lat' dir='ltr'>fab.</span> <span class='ocrx_word' id='word_1_167' title='bbox 1227 2943 1290 3007; x_wconf 88' lang='lat'>291</span> <span class='ocrx_word' id='word_1_168' title='bbox 1305 2943 1365 3028; x_wconf 89' lang='lat' dir='ltr'>sq.)</span> 
     </span>
     <span class='ocr_line' id='line_1_22' title="bbox 175 3047 1368 3133; baseline 0 -20"><span class='ocrx_word' id='word_1_169' title='bbox 175 3050 288 3114; x_wconf 87' lang='lat' dir='ltr'>diserte</span> <span class='ocrx_word' id='word_1_170' title='bbox 320 3052 475 3133; x_wconf 84' lang='lat' dir='ltr'>provocat</span> <span class='ocrx_word' id='word_1_171' title='bbox 505 3049 545 3113; x_wconf 91' lang='lat' dir='ltr'>ad</span> <span class='ocrx_word' id='word_1_172' title='bbox 575 3049 677 3133; x_wconf 90' lang='lat' dir='ltr'>legem</span> <span class='ocrx_word' id='word_1_173' title='bbox 714 3047 882 3123; x_wconf 85' lang='lat' dir='ltr'>deservis</span> <span class='ocrx_word' id='word_1_174' title='bbox 914 3048 1013 3112; x_wconf 84' lang='lat' dir='ltr'>latam</span> <span class='ocrx_word' id='word_1_175' title='bbox 1045 3047 1179 3112; x_wconf 91' lang='lat' dir='ltr'>florente</span> <span class='ocrx_word' id='word_1_176' title='bbox 1204 3048 1368 3133; x_wconf 86' lang='lat' dir='ltr'>republica</span> 
     </span>
     <span class='ocr_line' id='line_1_23' title="bbox 176 3154 1367 3241; baseline -0.002 -20"><span class='ocrx_word' id='word_1_177' title='bbox 176 3155 430 3221; x_wconf 87' lang='lat' dir='ltr'>Atheniensium.</span> <span class='ocrx_word' id='word_1_178' title='bbox 474 3155 587 3241; x_wconf 88' lang='lat' dir='ltr'>Itaque</span> <span class='ocrx_word' id='word_1_179' title='bbox 621 3154 804 3239; x_wconf 86' lang='lat' dir='ltr'>opinionem</span> <span class='ocrx_word' id='word_1_180' title='bbox 842 3176 932 3219; x_wconf 90' lang='lat' dir='ltr'>suam</span> <span class='ocrx_word' id='word_1_181' title='bbox 967 3158 1061 3239; x_wconf 92' lang='lat' dir='ltr'>poeta</span> <span class='ocrx_word' id='word_1_182' title='bbox 1096 3176 1189 3239; x_wconf 89' lang='lat' dir='ltr'>saepe</span> <span class='ocrx_word' id='word_1_183' title='bbox 1223 3154 1367 3239; x_wconf 89' lang='lat' dir='ltr'>personis</span> 
     </span>
     <span class='ocr_line' id='line_1_24' title="bbox 174 3261 451 3327; baseline -0.007 0"><span class='ocrx_word' id='word_1_184' title='bbox 174 3261 305 3327; x_wconf 90' lang='lat' dir='ltr'>scenicis</span> <span class='ocrx_word' id='word_1_185' title='bbox 328 3261 451 3326; x_wconf 90' lang='lat' dir='ltr'>tribuit.</span> 
     </span>
    </p>

    <p class='ocr_par' dir='ltr' id='par_1_8' title="bbox 177 3366 1367 3559">
     <span class='ocr_line' id='line_1_25' title="bbox 219 3366 1367 3453; baseline -0.001 -20"><span class='ocrx_word' id='word_1_186' title='bbox 219 3367 284 3434; x_wconf 85' lang='lat' dir='ltr'>Vix</span> <span class='ocrx_word' id='word_1_187' title='bbox 319 3390 399 3453; x_wconf 91' lang='lat' dir='ltr'>opus</span> <span class='ocrx_word' id='word_1_188' title='bbox 432 3372 479 3433; x_wconf 90' lang='lat' dir='ltr'>est</span> <span class='ocrx_word' id='word_1_189' title='bbox 503 3367 605 3433; x_wconf 86' lang='lat' dir='ltr'>dicere</span> <span class='ocrx_word' id='word_1_190' title='bbox 629 3390 701 3432; x_wconf 92' lang='lat' dir='ltr'>eum</span> <span class='ocrx_word' id='word_1_191' title='bbox 725 3371 882 3451; x_wconf 83' lang='lat' dir='ltr'>tyrannos</span> <span class='ocrx_word' id='word_1_192' title='bbox 909 3368 1159 3452; x_wconf 80' lang='lat' dir='ltr'>tyrannidesque</span> <span class='ocrx_word' id='word_1_193' title='bbox 1182 3366 1367 3451; x_wconf 82' lang='lat' dir='ltr'>gravissime</span> 
     </span>
     <span class='ocr_line' id='line_1_26' title="bbox 177 3472 1366 3559; baseline 0 -21"><span class='ocrx_word' id='word_1_194' title='bbox 177 3475 351 3559; x_wconf 87' lang='lat' dir='ltr'>increpare.</span> <span class='ocrx_word' id='word_1_195' title='bbox 375 3477 452 3551; x_wconf 87' lang='lat' dir='ltr'>lon,</span> <span class='ocrx_word' id='word_1_196' title='bbox 476 3474 615 3538; x_wconf 81' lang='lat' dir='ltr'>Theseus</span> <span class='ocrx_word' id='word_1_197' title='bbox 635 3473 770 3557; x_wconf 87' lang='lat' dir='ltr'>copiosis</span> <span class='ocrx_word' id='word_1_198' title='bbox 789 3473 987 3539; x_wconf 86' lang='lat' dir='ltr'>orationibus</span> <span class='ocrx_word' id='word_1_199' title='bbox 1006 3495 1058 3539; x_wconf 90' lang='lat' dir='ltr'>eas</span> <span class='ocrx_word' id='word_1_200' title='bbox 1077 3473 1263 3558; x_wconf 90' lang='lat' dir='ltr'>improbant</span> <span class='ocrx_word' id='word_1_201' title='bbox 1282 3472 1366 3559; x_wconf 85' lang='lat' dir='ltr'>(lon.</span> 
     </span>
    </p>
   </div>
   <div class='ocr_carea' id='block_1_7' title="bbox 177 3579 1367 3667">
    <p class='ocr_par' dir='ltr' id='par_1_9' title="bbox 177 3579 1367 3667">
     <span class='ocr_line' id='line_1_27' title="bbox 177 3579 1367 3667; baseline 0 -22"><span class='ocrx_word' id='word_1_202' title='bbox 177 3581 376 3658; x_wconf 84' lang='lat'>621-632,</span> <span class='ocrx_word' id='word_1_203' title='bbox 407 3579 517 3665; x_wconf 84' lang='lat' dir='ltr'>Suppl.</span> <span class='ocrx_word' id='word_1_204' title='bbox 550 3579 801 3667; x_wconf 80' lang='lat'>427-455)1);</span> <span class='ocrx_word' id='word_1_205' title='bbox 832 3579 919 3645; x_wconf 91' lang='lat' dir='ltr'>solus</span> <span class='ocrx_word' id='word_1_206' title='bbox 948 3579 1096 3645; x_wconf 77' lang='lat' dir='ltr'>Eteocles</span> <span class='ocrx_word' id='word_1_207' title='bbox 1124 3580 1172 3646; x_wconf 79' lang='lat' dir='ltr'>uir</span> <span class='ocrx_word' id='word_1_208' title='bbox 1194 3580 1367 3666; x_wconf 88' lang='lat' dir='ltr'>injustissi-</span> 
     </span>
    </p>
   </div>
   <div class='ocr_carea' id='block_1_8' title="bbox 176 3686 1486 3772">
    <p class='ocr_par' dir='ltr' id='par_1_10' title="bbox 176 3686 1486 3772">
     <span class='ocr_line' id='line_1_28' title="bbox 176 3686 1486 3772; baseline 0.001 -22"><span class='ocrx_word' id='word_1_209' title='bbox 176 3709 246 3752; x_wconf 90' lang='lat' dir='ltr'>mus</span> <span class='ocrx_word' id='word_1_210' title='bbox 270 3691 302 3751; x_wconf 90' lang='lat' dir='ltr'>et</span> <span class='ocrx_word' id='word_1_211' title='bbox 325 3686 546 3772; x_wconf 89' lang='lat' dir='ltr'>cupidissimus</span> <span class='ocrx_word' id='word_1_212' title='bbox 570 3686 674 3751; x_wconf 89' lang='lat' dir='ltr'>dicere</span> <span class='ocrx_word' id='word_1_213' title='bbox 699 3686 796 3750; x_wconf 88' lang='lat' dir='ltr'>audet</span> <span class='ocrx_word' id='word_1_214' title='bbox 819 3708 876 3771; x_wconf 89' lang='lat' dir='ltr'>pro</span> <span class='ocrx_word' id='word_1_215' title='bbox 900 3687 1072 3772; x_wconf 81' lang='lat' dir='ltr'>tyrannide</span> <span class='ocrx_word' id='word_1_216' title='bbox 1096 3687 1147 3751; x_wconf 87' lang='lat' dir='ltr'>vel</span> <span class='ocrx_word' id='word_1_217' title='bbox 1170 3688 1367 3771; x_wconf 88' lang='lat' dir='ltr'>peccandum</span> <span class='ocrx_word' id='word_1_218' title='bbox 1483 3726 1486 3732; x_wconf 91' lang='lat'>·</span> 
     </span>
    </p>
   </div>
   <div class='ocr_carea' id='block_1_9' title="bbox 174 3790 1370 4196">
    <p class='ocr_par' dir='ltr' id='par_1_11' title="bbox 174 3790 1370 4070">
     <span class='ocr_line' id='line_1_29' title="bbox 175 3790 1368 3878; baseline 0 -21"><span class='ocrx_word' id='word_1_219' title='bbox 175 3814 249 3857; x_wconf 88' lang='lat' dir='ltr'>esse.</span> <span class='ocrx_word' id='word_1_220' title='bbox 288 3794 337 3857; x_wconf 90' lang='lat' dir='ltr'>Ad</span> <span class='ocrx_word' id='word_1_221' title='bbox 368 3792 453 3857; x_wconf 92' lang='lat' dir='ltr'>idem</span> <span class='ocrx_word' id='word_1_222' title='bbox 485 3791 666 3877; x_wconf 81' lang='lat' dir='ltr'>tyrannidis</span> <span class='ocrx_word' id='word_1_223' title='bbox 697 3793 805 3856; x_wconf 89' lang='lat' dir='ltr'>odium</span> <span class='ocrx_word' id='word_1_224' title='bbox 836 3792 977 3877; x_wconf 88' lang='lat' dir='ltr'>pertinet</span> <span class='ocrx_word' id='word_1_225' title='bbox 1007 3794 1092 3878; x_wconf 91' lang='lat' dir='ltr'>quod</span> <span class='ocrx_word' id='word_1_226' title='bbox 1121 3791 1183 3877; x_wconf 93' lang='lat' dir='ltr'>ipsi</span> <span class='ocrx_word' id='word_1_227' title='bbox 1206 3790 1254 3856; x_wconf 92' lang='lat' dir='ltr'>illi</span> <span class='ocrx_word' id='word_1_228' title='bbox 1277 3812 1368 3876; x_wconf 78' lang='lat' dir='ltr'>reges</span> 
     </span>
     <span class='ocr_line' id='line_1_30' title="bbox 174 3897 1370 3988; baseline 0.002 -27"><span class='ocrx_word' id='word_1_229' title='bbox 174 3898 269 3983; x_wconf 88' lang='lat' dir='ltr'>prisci</span> <span class='ocrx_word' id='word_1_230' title='bbox 302 3898 418 3963; x_wconf 84' lang='lat' dir='ltr'>civium</span> <span class='ocrx_word' id='word_1_231' title='bbox 451 3919 580 3963; x_wconf 91' lang='lat' dir='ltr'>suorum</span> <span class='ocrx_word' id='word_1_232' title='bbox 612 3897 772 3962; x_wconf 82' lang='lat' dir='ltr'>voluntati</span> <span class='ocrx_word' id='word_1_233' title='bbox 790 3898 939 3988; x_wconf 86' lang='lat' dir='ltr'>subjecti</span> <span class='ocrx_word' id='word_1_234' title='bbox 963 3903 1059 3977; x_wconf 92' lang='lat' dir='ltr'>sunt,</span> <span class='ocrx_word' id='word_1_235' title='bbox 1084 3920 1210 3983; x_wconf 90' lang='lat' dir='ltr'>unaque</span> <span class='ocrx_word' id='word_1_236' title='bbox 1232 3918 1306 3980; x_wconf 86' lang='lat' dir='ltr'>cum</span> <span class='ocrx_word' id='word_1_237' title='bbox 1329 3898 1370 3983; x_wconf 85' lang='lat' dir='ltr'>iis</span> 
     </span>
     <span class='ocr_line' id='line_1_31' title="bbox 176 4003 710 4070; baseline 0 0"><span class='ocrx_word' id='word_1_238' title='bbox 176 4007 214 4070; x_wconf 90' lang='lat' dir='ltr'>de</span> <span class='ocrx_word' id='word_1_239' title='bbox 240 4004 388 4069; x_wconf 89' lang='lat' dir='ltr'>omnibus</span> <span class='ocrx_word' id='word_1_240' title='bbox 413 4005 507 4069; x_wconf 90' lang='lat' dir='ltr'>rebus</span> <span class='ocrx_word' id='word_1_241' title='bbox 530 4003 710 4070; x_wconf 88' lang='lat' dir='ltr'>consulunt.</span> 
     </span>
    </p>

    <p class='ocr_par' dir='ltr' id='par_1_12' title="bbox 220 4107 1368 4196">
     <span class='ocr_line' id='line_1_32' title="bbox 220 4107 1368 4196; baseline 0 -22"><span class='ocrx_word' id='word_1_242' title='bbox 220 4107 281 4174; x_wconf 83' lang='lat' dir='ltr'>Sed</span> <span class='ocrx_word' id='word_1_243' title='bbox 313 4132 380 4175; x_wconf 91' lang='lat' dir='ltr'>non</span> <span class='ocrx_word' id='word_1_244' title='bbox 413 4110 518 4175; x_wconf 90' lang='lat' dir='ltr'>minus</span> <span class='ocrx_word' id='word_1_245' title='bbox 548 4110 664 4175; x_wconf 86' lang='lat' dir='ltr'>diserte</span> <span class='ocrx_word' id='word_1_246' title='bbox 693 4109 819 4195; x_wconf 93' lang='lat' dir='ltr'>plebem</span> <span class='ocrx_word' id='word_1_247' title='bbox 842 4110 984 4175; x_wconf 81' lang='lat' dir='ltr'>invidam</span> <span class='ocrx_word' id='word_1_248' title='bbox 1009 4111 1078 4176; x_wconf 91' lang='lat' dir='ltr'>odit</span> <span class='ocrx_word' id='word_1_249' title='bbox 1101 4109 1235 4195; x_wconf 87' lang='lat' dir='ltr'>eiusque</span> <span class='ocrx_word' id='word_1_250' title='bbox 1254 4113 1368 4196; x_wconf 88' lang='lat' dir='ltr'>poten·</span> 
     </span>
    </p>
   </div>
   <div class='ocr_carea' id='block_1_10' title="bbox 67 4392 1368 4628">
    <p class='ocr_par' dir='ltr' id='par_1_13' title="bbox 67 4392 1368 4640">
     <span class='ocr_line' id='line_1_33' title="bbox 209 4392 1368 4461; baseline -0.001 -17"><span class='ocrx_word' id='word_1_251' title='bbox 209 4394 237 4459; x_wconf 91' lang='lat'>1)</span> <span class='ocrx_word' id='word_1_252' title='bbox 255 4395 291 4445; x_wconf 83' lang='lat' dir='ltr'>Ol.</span> <span class='ocrx_word' id='word_1_253' title='bbox 306 4397 431 4461; x_wconf 79' lang='lat' dir='ltr'>praeterea</span> <span class='ocrx_word' id='word_1_254' title='bbox 446 4396 514 4445; x_wconf 85' lang='lat' dir='ltr'>Med.</span> <span class='ocrx_word' id='word_1_255' title='bbox 531 4396 587 4454; x_wconf 76' lang='lat'>119,</span> <span class='ocrx_word' id='word_1_256' title='bbox 603 4395 693 4450; x_wconf 85' lang='lat' dir='ltr'>Pelisd.</span> <span class='ocrx_word' id='word_1_257' title='bbox 713 4395 742 4447; x_wconf 84' lang='lat' dir='ltr'>ir.</span> <span class='ocrx_word' id='word_1_258' title='bbox 759 4396 816 4457; x_wconf 75' lang='lat'>608,</span> <span class='ocrx_word' id='word_1_259' title='bbox 830 4394 953 4445; x_wconf 73' lang='lat' dir='ltr'>amman.</span> <span class='ocrx_word' id='word_1_260' title='bbox 969 4395 999 4445; x_wconf 84' lang='lat' dir='ltr'>ir.</span> <span class='ocrx_word' id='word_1_261' title='bbox 1015 4393 1056 4456; x_wconf 81' lang='lat' dir='ltr'>ii,</span> <span class='ocrx_word' id='word_1_262' title='bbox 1072 4395 1178 4446; x_wconf 72' lang='lat' dir='ltr'>Alcman.</span> <span class='ocrx_word' id='word_1_263' title='bbox 1193 4395 1223 4447; x_wconf 80' lang='lat' dir='ltr'>ir.</span> <span class='ocrx_word' id='word_1_264' title='bbox 1237 4392 1368 4459; x_wconf 67' lang='lat' dir='ltr'>tlthntig.</span> 
     </span>
     <span class='ocr_line' id='line_1_34' title="bbox 67 4476 764 4552; baseline 0.006 -25"><span class='ocrx_word' id='word_1_265' title='bbox 67 4548 69 4552; x_wconf 18' lang='grc' dir='ltr'>ι</span> <span class='ocrx_word' id='word_1_266' title='bbox 175 4476 204 4527; x_wconf 83' lang='lat' dir='ltr'>ir.</span> <span class='ocrx_word' id='word_1_267' title='bbox 223 4476 280 4538; x_wconf 73' lang='lat'>172,</span> <span class='ocrx_word' id='word_1_268' title='bbox 297 4480 359 4543; x_wconf 78' lang='lat' dir='ltr'>Aug.</span> <span class='ocrx_word' id='word_1_269' title='bbox 376 4478 408 4530; x_wconf 89' lang='lat' dir='ltr'>lr.</span> <span class='ocrx_word' id='word_1_270' title='bbox 426 4477 485 4531; x_wconf 75' lang='grc'><strong>277.</strong></span> <span class='ocrx_word' id='word_1_271' title='bbox 501 4478 590 4529; x_wconf 80' lang='lat' dir='ltr'>Contra</span> <span class='ocrx_word' id='word_1_272' title='bbox 606 4481 665 4544; x_wconf 78' lang='lat' dir='ltr'>Aeg.</span> <span class='ocrx_word' id='word_1_273' title='bbox 682 4478 714 4529; x_wconf 78' lang='lat' dir='ltr'>ir.</span> <span class='ocrx_word' id='word_1_274' title='bbox 733 4480 764 4531; x_wconf 75' lang='lat'>8:</span> 
     </span>
     <span class='ocr_line' id='line_1_35' title="bbox 477 4556 1325 4628; baseline -0.001 -19"><span class='ocrx_word' id='word_1_275' title='bbox 477 4558 561 4622; x_wconf 68' lang='grc' dir='ltr'>ἀνδρὸς</span> <span class='ocrx_word' id='word_1_276' title='bbox 578 4558 620 4609; x_wconf 72' lang='grc' dir='ltr'>ὑπ’</span> <span class='ocrx_word' id='word_1_277' title='bbox 636 4556 726 4609; x_wconf 72' lang='grc' dir='ltr'><strong><em>ἐσθλοῦ</em></strong></span> <span class='ocrx_word' id='word_1_278' title='bbox 743 4558 786 4609; x_wconf 72' lang='grc' dir='ltr'>καὶ</span> <span class='ocrx_word' id='word_1_279' title='bbox 802 4558 971 4621; x_wconf 68' lang='grc' dir='ltr'>τυραννεῖσθαι</span> <span class='ocrx_word' id='word_1_280' title='bbox 988 4561 1071 4626; x_wconf 70' lang='grc' dir='ltr'><strong><em>κιλρν.</em></strong></span> <span class='ocrx_word' id='word_1_281' title='bbox 1193 4623 1196 4628; x_wconf 55' lang='lat'>.</span> <span class='ocrx_word' id='word_1_282' title='bbox 1322 4614 1325 4618; x_wconf 10' lang='grc' dir='ltr'><strong><em>ἵ</em></strong></span> 
     </span>
    </p>
   </div>
   <div class='ocr_carea' id='block_1_11' title="bbox 0 0 1630 5217">
    <p class='ocr_par' dir='ltr' id='par_1_14' title="bbox 0 0 1630 5217">
     <span class='ocr_line' id='line_1_36' title="bbox 0 0 1630 5217; baseline 0 0"><span class='ocrx_word' id='word_1_283' title='bbox 0 0 1630 5217; x_wconf 95' lang='lat' dir='ltr'> </span> 
     </span>
    </p>
   </div>
  </div>
 </body>
</html>
