3250 5217
743 435 786 501 88

633 721 822 809 CAPUT
841 723 900 811 H.

220 955 367 1007 nummo
391 954 583 1008 POPULARIS
608 955 702 1009 APUD
726 956 934 1008 sommare
956 957 1125 1009 uuuffmu
1148 958 1305 1013 Pmoun.

214 1128 313 1212 Apud
335 1126 555 1193 Homerum
579 1126 682 1192 omnia
702 1130 833 1193 deorum
854 1128 995 1212 pravitas
1014 1127 1185 1213 exponitur
1202 1128 1271 1193 eine
1289 1128 1356 1195 ullo

171 1233 241 1299 fuco
265 1233 370 1298 ullave
392 1232 602 1299 dubitatione.
626 1232 738 1320 Neque
762 1234 797 1299 in
822 1233 893 1300 aliia
915 1234 1042 1319 scriptis
1063 1235 1179 1300 clarius
1201 1238 1357 1320 apparent

171 1339 312 1425 ipsorum
335 1338 420 1405 inter
443 1360 476 1403 sa
498 1338 585 1405 rixae
608 1342 640 1404 et
660 1340 794 1425 proelia,
815 1340 966 1425 quoniam
985 1362 1140 1425 nusquam
1153 1344 1219 1406 tam
1231 1340 1357 1427 copiose

173 1445 360 1513 describitur
377 1445 525 1511 universa
542 1449 674 1511 deorum
686 1448 807 1513 civitas.
827 1445 880 1512 Ab
894 1447 988 1512 initio
1000 1451 1107 1513 tamen
1119 1449 1201 1513 ratio
1212 1448 1357 1515 homines

172 1552 312 1617 docuisse
335 1552 462 1617 ridetur
485 1555 551 1617 tem
576 1552 713 1617 discordi
735 1556 767 1617 et
786 1553 972 1619 turbulenta
990 1553 1184 1619 democratia
1200 1557 1354 1619 mundum

169 1660 237 1743 regi
267 1679 333 1723 non
356 1679 459 1743 posse.
488 1657 571 1723 Nam
594 1657 722 1744 Jupiter
744 1659 872 1745 quidem
895 1659 1039 1724 omnium
1064 1663 1113 1725 eet
1133 1681 1206 1738 rex,
1230 1681 1357 1726 omnes-

170 1785 231 1850 que
265 1764 403 1851 reliquos
438 1764 582 1849 potentia
617 1769 649 1830 et
683 1764 802 1831 viribus
833 1769 977 1850 superat,
1008 1788 1075 1832 non
1107 1765 1155 1831 ita
1181 1770 1290 1833 tamen
1320 1771 1359 1833 ut

170 1892 346 1956 numquam
380 1871 410 1935 ci
443 1870 587 1937 resistere
620 1870 745 1956 possint
757 1868 799 1957 ¹);
831 1876 864 1937 et
895 1893 1087 1958 quamquam
1118 1872 1186 1957 ipse
1216 1872 1358 1939 abstinet

169 1976 339 2062 quominus
358 1976 541 2043 hominibus
559 1977 779 2062 pugnantibus
798 1999 946 2063 praecona
964 1978 1117 2044 auxilium
1135 1978 1237 2065 ferat,
1248 1984 1356 2045 tamen

168 2084 263 2149 variis
293 2083 454 2149 amoribus
484 2105 556 2149 cum
586 2105 702 2169 genere
733 2085 873 2150 humano
906 2088 955 2149 eet
976 2085 1178 2170 conjunctior
1199 2108 1296 2171 quam
1320 2089 1359 2151 ut

169 2191 237 2257 eine
259 2190 401 2277 partium
424 2190 531 2256 studio
553 2212 604 2256 ree
621 2191 804 2256 mortalium
822 2190 924 2276 poerit
942 2190 1099 2256 moderari
1110 2189 1147 2270 ¹).
1171 2189 1275 2267 Quare
1294 2190 1354 2256 ho·

169 2298 271 2362 mines
290 2297 461 2362 credebant
479 2298 622 2383 superius
641 2319 707 2364 esse
726 2298 856 2383 aliquod
867 2297 1105 2375 numen‚cuiue
1113 2298 1201 2383 juesc
1214 2295 1355 2383 Olympii

169 2407 429 2489 exsequerentur,
452 2404 540 2469 cuiue
559 2404 724 2470 voluntate
743 2407 828 2470 certe
847 2403 1011 2469 constricti
1029 2406 1143 2470 eaaent.
1156 2403 1354 2489 Ambiguum

170 2509 296 2575 videtur
319 2512 426 2574 utrum
451 2532 570 2575 numen
591 2510 688 2595 illud,
712 2510 796 2595 quod
820 2518 928 2589 μοῖραν
948 2508 1168 2594 appellabant,
1192 2510 1293 2575 fatum
1312 2511 1355 2576 cit
1436 2589 1438 2592 ¹

169 2616 282 2682 stabile
302 2638 342 2681 an
362 2615 443 2694 fors3
464 2637 553 2694 raro,
574 2638 633 2683 nec
652 2616 760 2683 nisiin
772 2617 866 2681 rebus
878 2615 1077 2702 gravioribus
1088 2617 1156 2682 eius
1166 2615 1205 2682 fit
1216 2616 1354 2693 mentio;

167 2723 203 2787 in
233 2722 348 2808 quibus
378 2743 454 2807 ergo
484 2722 544 2788 hac
574 2723 698 2789 ratione
727 2727 857 2789 cautum
880 2725 1011 2788 eratne
1033 2744 1083 2788 ree
1105 2724 1264 2789 humanae
1286 2727 1355 2789 tur·

167 2830 322 2895 barentur
340 2831 470 2895 deorum
488 2828 639 2906 libidine,
660 2850 731 2895 cum
743 2850 838 2894 nemo
850 2828 965 2893 horum
976 2829 1069 2912 μοίρᾳ
1079 2828 1224 2895 resistere
1236 2833 1354 2915 posset.

212 2935 288 3002 Jori
317 2939 422 3000 cutem
452 2956 568 3001 munus
597 2935 707 3001 datum
738 2938 786 3000 est
816 2935 951 3000 curandi
978 2939 1016 3000 ut
1047 2935 1155 3016 μοίρας
1174 2937 1264 3021 jussa
1285 2941 1356 3003 rata

166 3042 303 3120 fiant³)‚
328 3062 408 3126 quae
431 3063 498 3107 non
523 3062 646 3126 semper
669 3042 815 3126 protinus
838 3040 931 3106 norit
950 3042 1005 3107 aed
1028 3040 1200 3128 aliquando
1222 3042 1356 3108 inresti-

166 3169 243 3235 gare
273 3148 366 3214 debet
378 3150 416 3231 ⁴).
454 3147 509 3213 Dii
532 3146 624 3213 facile
648 3147 785 3233 aliquem
806 3168 930 3212 servare
949 3152 1084 3232 poscunt
1102 3148 1200 3234 inque
1219 3148 1356 3234 patriam

163 3256 330 3322 restituere
361 3254 486 3319 etiamsi
516 3253 612 3339 longe
643 3252 744 3338 ebeit;
775 3255 911 3319 mortem
935 3255 1041 3319 tamen
1065 3253 1166 3320 abeo
1189 3254 1357 3320 detondere

166 3385 233 3429 nou
257 3366 394 3448 poscunt
418 3361 446 3426 si
469 3360 571 3426 fatum
595 3382 665 3427 eem
689 3359 859 3426 ellaturum
882 3362 931 3426 est
955 3358 1027 3447 (Od.
1050 3360 1114 3427 111.
1135 3362 1200 3427 231
1220 3361 1356 3450 aqq.)‘).

199 3585 226 3650 1)
242 3601 264 3635 r.
281 3583 398 3648 Iimburg
416 3584 545 3643 Erouwer,
565 3581 674 3632 Hirtoirc
690 3583 718 3631 de
736 3581 760 3631 la
776 3580 921 3632 ciriliration
939 3580 1028 3632 morale
1046 3584 1071 3632 et
1089 3580 1214 3647 religionen
1231 3583 1271 3631 dea
1284 3583 1360 3632 Gracc

164 3666 230 3716 'lbm
249 3666 285 3715 VI
302 3681 324 3732 p.
344 3667 385 3715 58:
414 3664 482 3715 ‚bien
503 3681 549 3730 que
568 3668 667 3714 convent
682 3663 779 3731 Jupiter
794 3663 935 3728 l’emportc‚
956 3662 1066 3714 l’eerence
1089 3666 1118 3714 dc
1134 3664 1159 3715 le
1175 3663 1262 3716 eccittd
1277 3664 1356 3715 divine

165 3752 201 3799 ert
216 3746 373 3799 l'anarcbie.'’

203 3831 231 3897 ὓ)
247 3832 302 3881 vio.
320 3835 400 3882 annot.
420 3834 444 3881 t.
1267 3860 1270 3865 -

199 3913 226 3980 8)
244 3915 329 3979 Itaque
347 3916 414 3963 cavet
436 3929 466 3962 ne
482 3912 575 3963 moenie
591 3912 693 3962 Troiane
709 3914 764 3962 ante
780 3914 877 3978 tempus
898 3912 1057 3963 conutitutum
1073 3910 1147 3978 (dxlp
1166 3908 1253 3980 clear)
1270 3930 1358 3981 expug-

166 4000 253 4048 nantur
275 3996 320 4061 (Il.
343 3997 394 4046 XX.
419 3997 465 4057 80,
487 3996 547 4045 xvl
571 3994 619 4048 707
641 3998 664 4045 et
687 3995 798 4060 passim),
822 3999 847 4045 et
870 3997 897 4045 ut
920 3994 1007 4060 Argivi
1030 3996 1128 4045 advene
1153 3996 1236 4046 Morte
1251 4000 1358 4063 pugnent

169 4079 244 4141 (vm
262 4077 294 4131 'lt
312 4082 373 4144 sqq.)
391 4078 471 4128 dirum
486 4081 604 4128 terrorem
623 4077 654 4126 iia
671 4077 766 4127 incutit.

199 4162 228 4226 4)
247 4160 319 4210 Velut
336 4160 362 4210 in
379 4159 477 4226 proeliis
494 4158 601 4209 adhibita
617 4156 685 4209 libra.
704 4159 795 4209 Rurem
811 4159 919 4210 homines
936 4159 1063 4225 aliquando
1079 4159 1124 4210 ati
1139 4160 1233 4211 dmreta
1246 4157 1358 4227 prienen·

168 4243 233 4293 aione
255 4243 372 4294 divinent.
396 4242 434 4294 Os.
452 4241 589 4292 notlrrimnr
607 4257 641 4292 vr.
659 4240 694 4291 bic
710 4241 879 4307 pronuntiatur
894 4238 1000 4292 locem
1017 4238 1082 4305 ἦμαρ
1100 4240 1141 4291 tr·
1155 4239 1185 4292 rt
1199 4242 1259 4293 ποτ’
1274 4241 1357 4309 ttrite

167 4323 246 4384 Ἴλιος
262 4326 306 4388 ipa.

198 4407 224 4472 t)
241 4407 343 4458 Videtur
358 4411 438 4459 tamen
452 4406 550 4474 Jupiter
566 4406 708 4472 Sarpedonis
725 4409 827 4457 mortem
843 4406 989 4472 aliquamdiu
1006 4406 1103 4457 uidene
1116 4406 1230 4473 potuisse.
1260 4409 1282 4458 A
1297 4423 1354 4474 pro·

164 4489 240 4556 posito
260 4506 318 4541 vero
340 4490 433 4541 desistit
454 4506 467 4540 a
483 4490 499 4539 J
502 4504 578 4540 unone
594 4492 683 4549 notus,
703 4504 733 4539 ne
750 4488 850 4555 reliquie
867 4488 913 4538 diis
929 4488 1063 4554 exemplum
1080 4489 1120 4539 det
1136 4490 1246 4541 violandi
1267 4492 1356 4553 μοίρας

168 4572 267 4622 ἆοαηιι.
