3250 5217
819 397 860 463 30

286 579 337 647 Ne
359 582 467 645 tamen
487 601 546 666 ego
565 580 600 645 in
619 579 771 663 Euripide
790 578 990 645 defendendo
1009 583 1140 665 modum
1152 580 1301 645 excedere
1314 580 1433 657 videar,

241 686 380 751 libenter
410 688 582 752 concedam
612 686 743 751 eumin
767 686 817 751 his
839 686 1040 751 adminiculis
1065 689 1196 750 modum
1220 686 1388 751 excessisse
1400 684 1438 770 1).

243 792 434 875 Plerumque
464 792 525 856 sibi
549 796 724 875 temperare
749 792 867 874 nescit,
893 796 926 856 et
948 792 1034 875 quod
1059 792 1093 855 in
1119 814 1216 855 unum
1239 791 1345 857 locum
1368 789 1440 855 feli·
1507 789 1511 795 ’

243 899 321 963 citer
339 899 507 963 inventum
529 903 597 963 erat
616 899 732 983 ubique
752 898 907 963 adhibens
927 900 1095 963 molestum
1116 903 1149 963 et
1160 898 1314 982 frigidum
1325 897 1439 962 reddit.

290 1004 363 1069 Hoc
393 1005 534 1069 studium
558 1006 723 1069 veritatem
751 1026 858 1089 presse
881 1006 1031 1070 imitandi
1054 1026 1091 1069 eo
1115 1027 1214 1089 usque
1237 1025 1441 1089 progressum

245 1113 294 1175 est
316 1113 354 1175 ut
376 1110 411 1174 in
434 1109 562 1175 Electra
585 1110 753 1176 manifesto
777 1110 980 1194 significans,
1005 1133 1087 1194 quae
1099 1109 1278 1194 Aeschylus
1288 1111 1323 1174 in
1336 1108 1440 1176 Ohoe·

244 1214 354 1300 phoris
378 1216 484 1280 minus
507 1216 686 1301 probabilia
708 1216 852 1281 finxisset
864 1216 903 1302 ²),
923 1238 956 1282 se
976 1218 1081 1301 ipsum
1102 1217 1234 1282 meliora
1250 1216 1442 1281 substituere

245 1322 367 1386 indicet
378 1324 414 1406 ³),
448 1325 532 1405 quod
557 1344 654 1407 quam
677 1324 719 1387 sit
742 1345 761 1387 a
784 1346 818 1388 re
842 1323 982 1387 alienum
1007 1326 1040 1387 et
1063 1323 1275 1388 concinnitati
1298 1322 1443 1387 scenicae

246 1448 430 1512 repugnans
456 1430 670 1515 unusquisque
693 1429 858 1514 intelligit.
889 1428 941 1495 Sic
965 1430 1130 1494 veritatem
1154 1432 1268 1515 petens
1290 1429 1324 1493 in
1348 1429 1443 1494 rebus

246 1534 418 1599 levioribus
439 1534 656 1600 sublimiorem
676 1538 709 1599 et
718 1536 878 1619 poeticam
889 1535 978 1600 illam
991 1536 1158 1601 veritatem
1169 1536 1317 1620 perdidit,
1331 1535 1443 1600 similis

257 1699 447 1713 »nn—..annua

248 1805 334 1854 habere
350 1820 421 1869 quam
439 1803 540 1854 debilem
557 1810 582 1855 et
598 1804 729 1856 tremulum
747 1806 830 1869 (utin
849 1805 972 1856 Heraclid.
990 1806 1060 1867 Eur.)
1079 1806 1333 1871 velregemclaudum.
1352 1805 1447 1855 Philoc-

250 1890 323 1937 tetam
346 1890 426 1937 autem
448 1887 516 1937 nobis
537 1889 651 1953 proponit
673 1889 801 1954 Sophocles
825 1893 889 1938 tetro
913 1888 1012 1938 vulnere
1030 1888 1185 1939 laborantem.
1212 1890 1254 1938 Est
1270 1889 1366 1953 quidem
1383 1904 1448 1937 mer·

249 1969 293 2019 bns
309 1970 359 2034 ipse
378 1970 489 2019 miseriae
506 1970 559 2019 ione
577 1987 625 2020 non
642 1987 655 2020 e
672 1974 756 2037 poetae
773 1975 853 2021 mente
869 1971 996 2020 arcessitus
1012 1972 1053 2021 sed
1073 1972 1125 2037 ipso
1142 1972 1225 2036 mytho
1242 1972 1356 2028 traditum
1367 1972 1447 2036 potest

249 2056 330 2101 tamen
347 2052 484 2117 responderi
501 2044 563 2101 siaa*
580 2051 747 2114 ἀποκρύπτειν
764 2053 814 2116 χρὴ
833 2054 896 2118 quod
914 2054 1009 2103 foedum
1026 2061 1061 2103 cst
1080 2055 1173 2117 τόνγε
1191 2050 1301 2111 rosariis.
1321 2052 1446 2102 Verumin

250 2133 384 2183 Philoctete
402 2135 486 2184 multis
503 2136 600 2185 videtur
617 2136 756 2202 Euripidem
776 2137 857 2201 potius
871 2136 982 2186 imitatus
999 2153 1049 2187 esse
1066 2150 1139 2201 quam
1154 2153 1224 2186 suum
1241 2135 1364 2201 ingenium
1380 2150 1446 2183 secu·

251 2220 302 2274 tus,
320 2216 349 2265 ob
366 2216 390 2266 id
408 2217 487 2282 ipsum
504 2218 669 2283 reprehensus.
694 2219 754 2268 Aiax
768 2218 839 2268 heros
855 2219 947 2267 medius
963 2220 1046 2268 sedens
1063 2219 1128 2269 inter
1144 2235 1229 2283 pecora
1246 2221 1351 2268 mactate
1367 2216 1447 2282 potins

250 2313 363 2349 11111111
379 2304 421 2349 111
439 2299 515 2349 risum
532 2315 628 2349 movere
645 2299 727 2350 debuit
744 2316 817 2364 quam
833 2301 1021 2351 miserationem.

284 2382 381 2431 Orestes
396 2398 490 2447 quoque
507 2382 533 2431 in
550 2382 664 2447 Aeschyli
681 2382 852 2432 Eumenidibna
869 2399 953 2433 manus
970 2383 1041 2433 habet
1057 2384 1173 2449 sanguine
1190 2386 1314 2435 madentes
1329 2381 1375 2447 (11.
1393 2382 1449 2447 42),

250 2464 437 2531 Eumenidesque
454 2466 518 2531 ipsae
536 2469 632 2531 aspectu
649 2470 717 2515 erant
734 2466 892 2516 foedissimae.
920 2467 985 2516 Nota
1002 2467 1076 2516 etism
1100 2468 1201 2517 Xerxem
1223 2468 1249 2517 in
1266 2465 1354 2517 Persis.
1381 2464 1449 2514 Darii

250 2553 335 2604 umbra
352 2565 433 2601 rerum
450 2548 583 2598 absentium
600 2564 687 2616 gnere,
704 2552 787 2597 narrat
805 2548 852 2613 (vs.
871 2550 920 2597 833
936 2550 999 2614 sqq.)
1023 2553 1100 2599 vestes
1118 2550 1168 2615 regi
1187 2550 1294 2600 discissus
1305 2565 1367 2607 asae,
1377 2550 1449 2597 Atos-

250 2652 347 2700 samque
364 2636 445 2683 monet
462 2635 490 2682 nt
507 2631 529 2679 ei
547 2630 640 2680 obviam
657 2633 694 2679 eat
713 2632 830 2692 λαβοῦσα
848 2633 940 2692 κόσμον
958 2630 1030 2689 dcccc
1048 2629 1177 2693 εὐπρεπής.
1203 2634 1288 2682 Atosss
1303 2634 1407 2688 testatur
1424 2646 1448 2679 se

250 2717 358 2771 omnium
376 2714 494 2763 malorum
511 2713 579 2762 nullo
597 2713 672 2777 magis
689 2728 825 2763 concussam
843 2729 892 2763 esse
908 2730 982 2778 quam
998 2714 1042 2763 illa
1059 2716 1160 2765 vestium
1174 2715 1280 2765 infamia.
1298 2713 1372 2763 Hisce
1380 2715 1451 2778 poeta

250 2801 341 2867 optime
362 2796 470 2862 depinxit
492 2796 620 2845 Persarum
638 2795 767 2845 mollitiem
784 2797 808 2844 et
825 2795 899 2845 cladis
916 2796 1073 2861 grauitatem,
1091 2798 1173 2864 itaqua
1190 2813 1270 2863 regem
1288 2795 1382 2845 induxit
1398 2810 1451 2844 vas·

250 2884 314 2933 tibus
331 2879 434 2931 discissis
451 2878 562 2942 omnique
579 2881 667 2927 ornatu
684 2877 787 2927 militari
804 2882 900 2943 practer
918 2879 1057 2944 pharetram
1074 2881 1160 2929 amisso
1169 2878 1331 2929 miserabilem
1339 2880 1446 2942 aspectu;

252 2965 347 3014 videtur
364 2963 427 3012 enim
446 2963 532 3010 Atosse
549 2960 569 3009 ei
587 2961 694 3009 nondum
711 2976 766 3010 cum
783 2961 932 3011 vestimentis
949 2962 1050 3026 integris
1068 2961 1161 3012 obviarn
1178 2978 1227 3011 esse
1244 2962 1319 3020 factm
1330 2960 1359 3009 cf.
1369 2976 1391 3010 v.
1402 2961 1451 3009 810

253 3043 417 3107 πειράσομαι,
435 3045 501 3093 1018
518 3048 542 3093 11
559 3044 633 3093 1030.

287 3128 314 3192 1)
331 3126 377 3176 Sed
394 3126 438 3177 hac
455 3142 549 3191 quoque
566 3126 593 3175 in
610 3142 636 3175 re
653 3141 748 3177 morum
764 3126 918 3191 antiquorum
935 3126 1364 3178 ratiohabendaest.Vate1esenim
1374 3124 1450 3175 multo

252 3209 330 3259 lenius
353 3224 425 3272 quarn
448 3224 491 3258 nos
505 3208 644 3272 judicabant
664 3208 684 3257 si
700 3208 754 3272 quis
770 3209 796 3258 in
812 3208 936 3258 111111111
953 3209 1039 3259 alienis
1055 3209 1123 3259 bonis
1140 3212 1250 3259 uteretur
1266 3212 1309 3260 aut
1326 3224 1368 3259 sus
1385 3223 1451 3273 repe·

253 3295 323 3343 teret.
351 3292 382 3340 In
407 3291 453 3340 hac
478 3292 548 3355 culpa
570 3308 618 3340 non
641 3292 705 3341 solus
723 3295 758 3340 est
776 3291 909 3357 Euripides.
937 3293 992 3357 Ipse
1009 3294 1072 3357 apud
1089 3292 1212 3358 Aristoph.
1230 3293 1302 3357 (Rau.
1323 3292 1372 3340 010
1389 3292 1452 3354 sqq.)

253 3374 369 3440 Aeschylo
391 3372 475 3437 objicit
497 3374 560 3438 quod
582 3374 609 3422 in
635 3375 770 3423 dramatum
793 3374 897 3423 exordiis
914 3375 1053 3439 frequenter
1069 3373 1215 3441 producebat
1232 3390 1344 3440 personas
1360 3374 1402 3422 diu
1419 3372 1453 3421 si-

253 3457 338 3509 lentes.
355 3457 520 3507 Nominantur
536 3456 570 3505 111
588 3455 665 3505 Niobe
682 3458 707 3506 et
723 3456 829 3507 Achilles
846 3456 883 3522 (in
902 3457 1015 3507 Hectoris
1032 3454 1151 3519 λύτροις),
1169 3457 1224 3506 1111
1237 3459 1337 3522 possum
1351 3457 1449 3505 home·

252 3541 324 3590 thens
340 3542 364 3589 11
382 3539 522 3589 Cassandra.
724 3537 729 3548 '

288 3622 316 3687 2)
334 3621 488 3686 Agnitionem
511 3620 611 3670 Orestae
630 3618 658 3670 11
675 3620 771 3670 Electra
788 3619 908 3685 (Choeph.
927 3622 1073 3681 lca-1⁵18,
1093 3622 1239 3681 aot-210,
1258 3621 1392 3672 220-210
1411 3619 1450 3669 ubi

254 3720 310 3754 sane
326 3704 378 3769 ipse
395 3703 492 3754 Orestes
509 3704 652 3768 Aeschyleus
670 3719 776 3753 sororem
792 3704 882 3768 partim
896 3704 1033 3769 vituperare
1047 3704 1154 3766 ridetur)
1168 3705 1246 3770 carpit
1253 3705 1311 3754 Eur.
1322 3703 1358 3753 El.
1369 3705 1450 3753 515-

256 3789 303 3838 141
321 3790 346 3837 11
363 3786 481 3836 rationem
499 3803 546 3852 qua
563 3788 625 3852 apud
642 3786 725 3836 Aesch.
744 3788 842 3834 Orestes
858 3789 959 3836 matrem
978 3786 1064 3835 oceidit
1082 3802 1105 3835 v.
1124 3786 1258 3837 cle-cri
1276 3789 1351 3835 notat.

289 3872 316 3933 3)
335 3869 410 3920 Plura
427 3869 531 3919 eiusdem
550 3869 642 3933 generis
659 3872 751 3918 exstare
768 3867 883 3931 suspicor.
901 3868 1004 3917 'theseus
1020 3868 1047 3917 in
1062 3869 1146 3934 Suppl.
1165 3869 1324 3935 (840-810)
1340 3868 1398 3917 dicit
1413 3882 1451 3923 ae,

255 3968 285 4001 na
313 3949 423 4014 ,γέλωτ’
443 3948 527 4014 ’όφλῃ”
552 3952 681 4000 Adrastum
707 3966 754 3999 non
777 3950 983 4013 interrogatorum
1004 3966 1054 3999 ease
1076 3951 1117 4014 qui
1134 3952 1276 4016 quibuscum
1294 3966 1378 4000 manua
1396 3965 1453 3998 con-

256 4034 386 4091 seruerint,
404 4035 458 4099 quis
474 4034 546 4083 luerit
565 4034 711 4083 fortissimus
727 4036 782 4092 etc,
799 4033 888 4097 quippe
905 4033 986 4097 qualia
1002 4049 1071 4083 nemo
1088 4034 1210 4099 inproelii
1219 4034 1357 4083 contusione
1371 4032 1451 4081 videre

255 4116 338 4182 possit.
357 4116 478 4165 Videntur
494 4116 552 4165 haec
568 4118 631 4165 tecte
647 4116 822 4181 reprehendere
839 4114 986 4165 Salaminiae
1002 4132 1096 4181 pugnae
1113 4126 1250 4167 accuratam
1267 4116 1452 4182 descriptionem

256 4198 283 4249 in
299 4198 410 4262 Aeschyli
428 4198 516 4248 Persis.

290 4282 321 4330 In
343 4281 441 4331 Haracl.
466 4281 525 4330 Eur.
544 4280 591 4345 (vs.
609 4281 659 4331 300
676 4280 739 4347 sqq.)
757 4282 899 4347 Demophon
915 4282 1038 4332 contendit
1054 4283 1223 4348 imperatorem
1241 4283 1323 4332 decere
1340 4297 1452 4348 praesen·

256 4368 306 4415 tem
329 4364 409 4414 hostes
430 4362 568 4428 explorare,
590 4380 638 4414 non
660 4364 837 4429 speculatorum
854 4364 1001 4424 ministerio;
1029 4367 1093 4429 quod
1108 4366 1210 4415 fortusse
1227 4365 1339 4429 Aeschyli
1355 4366 1452 4430 Septem

257 4449 360 4513 spectat,
385 4445 426 4497 utri
440 4445 547 4495 Eteocles
561 4446 626 4496 domi
642 4446 724 4497 omnis
740 4462 801 4511 quas
816 4446 940 4513 pertinent
956 4448 987 4496 ad
1002 4447 1109 4498 hostium
1125 4448 1256 4499 exercitum
1272 4447 1318 4497 sibi
1334 4464 1349 4497 1
1365 4446 1451 4497 nuntio

258 4528 353 4580 narrari
365 4526 440 4591 jubet.
