<?xml version="1.0" encoding="UTF-8"?>
<!DOCTYPE html PUBLIC "-//W3C//DTD XHTML 1.0 Transitional//EN"
    "http://www.w3.org/TR/xhtml1/DTD/xhtml1-transitional.dtd">
<html xmlns="http://www.w3.org/1999/xhtml" xml:lang="en" lang="en">
 <head>
  <title>
</title>
<meta http-equiv="Content-Type" content="text/html;charset=utf-8" />
  <meta name='ocr-system' content='tesseract 3.04.00' />
  <meta name='ocr-capabilities' content='ocr_page ocr_carea ocr_par ocr_line ocrx_word'/>
</head>
<body>
  <div class='ocr_page' id='page_1' title='image "./commentatiodeeu00unkngoog_0153.png"; bbox 0 0 3250 5217; ppageno 0'>
   <div class='ocr_carea' id='block_1_1' title="bbox 742 408 803 473">
    <p class='ocr_par' dir='ltr' id='par_1_1' title="bbox 742 408 803 473">
     <span class='ocr_line' id='line_1_1' title="bbox 742 408 803 473; baseline 0.033 -2"><span class='ocrx_word' id='word_1_1' title='bbox 742 408 803 473; x_wconf 89' lang='grc'>141</span> 
     </span>
    </p>
   </div>
   <div class='ocr_carea' id='block_1_2' title="bbox 173 590 1447 4083">
    <p class='ocr_par' dir='ltr' id='par_1_2' title="bbox 173 590 1447 1846">
     <span class='ocr_line' id='line_1_2' title="bbox 174 590 1375 675; baseline 0.002 -19"><span class='ocrx_word' id='word_1_2' title='bbox 174 614 261 675; x_wconf 88' lang='lat' dir='ltr'>quae</span> <span class='ocrx_word' id='word_1_3' title='bbox 293 591 439 655; x_wconf 91' lang='lat' dir='ltr'>homines</span> <span class='ocrx_word' id='word_1_4' title='bbox 469 594 556 656; x_wconf 87' lang='lat' dir='ltr'>vetet</span> <span class='ocrx_word' id='word_1_5' title='bbox 576 594 719 663; x_wconf 87' lang='lat' dir='ltr'>naturae</span> <span class='ocrx_word' id='word_1_6' title='bbox 751 590 911 655; x_wconf 79' lang='lat' dir='ltr'><strong>humanae</strong></span> <span class='ocrx_word' id='word_1_7' title='bbox 941 590 1021 657; x_wconf 90' lang='lat' dir='ltr'>fines</span> <span class='ocrx_word' id='word_1_8' title='bbox 1052 593 1218 670; x_wconf 81' lang='lat' dir='ltr'>excedere,</span> <span class='ocrx_word' id='word_1_9' title='bbox 1241 592 1375 659; x_wconf 89' lang='lat' dir='ltr'>humani</span> 
     </span>
     <span class='ocr_line' id='line_1_3' title="bbox 173 697 1373 785; baseline -0.001 -22"><span class='ocrx_word' id='word_1_10' title='bbox 173 699 352 783; x_wconf 89' lang='lat' dir='ltr'>quidquam</span> <span class='ocrx_word' id='word_1_11' title='bbox 377 721 396 763; x_wconf 86' lang='lat' dir='ltr'>a</span> <span class='ocrx_word' id='word_1_12' title='bbox 419 720 452 763; x_wconf 90' lang='lat' dir='ltr'>se</span> <span class='ocrx_word' id='word_1_13' title='bbox 475 698 613 762; x_wconf 88' lang='lat' dir='ltr'>alienum</span> <span class='ocrx_word' id='word_1_14' title='bbox 639 701 769 783; x_wconf 82' lang='lat' dir='ltr'>putare3</span> <span class='ocrx_word' id='word_1_15' title='bbox 795 719 894 781; x_wconf 88' lang='lat' dir='ltr'>quare</span> <span class='ocrx_word' id='word_1_16' title='bbox 916 698 952 761; x_wconf 91' lang='lat' dir='ltr'>in</span> <span class='ocrx_word' id='word_1_17' title='bbox 975 699 1095 783; x_wconf 86' lang='lat' dir='ltr'>templo</span> <span class='ocrx_word' id='word_1_18' title='bbox 1115 698 1277 785; x_wconf 82' lang='lat' dir='ltr'>Apollinis</span> <span class='ocrx_word' id='word_1_19' title='bbox 1295 697 1373 763; x_wconf 91' lang='lat' dir='ltr'>Del·</span> 
     </span>
     <span class='ocr_line' id='line_1_4' title="bbox 175 804 1372 890; baseline 0.002 -23"><span class='ocrx_word' id='word_1_20' title='bbox 175 804 285 889; x_wconf 85' lang='lat' dir='ltr'>phici,</span> <span class='ocrx_word' id='word_1_21' title='bbox 306 804 361 890; x_wconf 91' lang='lat' dir='ltr'>qui</span> <span class='ocrx_word' id='word_1_22' title='bbox 381 826 448 869; x_wconf 89' lang='lat' dir='ltr'>non</span> <span class='ocrx_word' id='word_1_23' title='bbox 468 804 570 869; x_wconf 93' lang='lat' dir='ltr'>solum</span> <span class='ocrx_word' id='word_1_24' title='bbox 590 804 729 889; x_wconf 82' lang='lat' dir='ltr'>regionis</span> <span class='ocrx_word' id='word_1_25' title='bbox 746 805 800 868; x_wconf 90' lang='lat' dir='ltr'>sed</span> <span class='ocrx_word' id='word_1_26' title='bbox 820 807 853 868; x_wconf 91' lang='lat' dir='ltr'>et</span> <span class='ocrx_word' id='word_1_27' title='bbox 866 804 990 889; x_wconf 90' lang='lat' dir='ltr'>ingenii</span> <span class='ocrx_word' id='word_1_28' title='bbox 1003 804 1115 870; x_wconf 84' lang='lat' dir='ltr'>Graeci</span> <span class='ocrx_word' id='word_1_29' title='bbox 1128 805 1372 887; x_wconf 77' lang='grc' dir='ltr'>ωτωίιίμφαιινς,</span> 
     </span>
     <span class='ocr_line' id='line_1_5' title="bbox 175 909 1372 997; baseline 0.001 -23"><span class='ocrx_word' id='word_1_30' title='bbox 175 911 371 995; x_wconf 90' lang='lat' dir='ltr'>inscriptum</span> <span class='ocrx_word' id='word_1_31' title='bbox 407 914 476 984; x_wconf 85' lang='lat' dir='ltr'>erat</span> <span class='ocrx_word' id='word_1_32' title='bbox 505 910 597 987; x_wconf 75' lang='grc' dir='ltr'><strong><em>μηδὲν</em></strong></span> <span class='ocrx_word' id='word_1_33' title='bbox 632 909 729 987; x_wconf 75' lang='grc' dir='ltr'><strong><em>ἄγαν.</em></strong></span> <span class='ocrx_word' id='word_1_34' title='bbox 766 909 935 996; x_wconf 81' lang='lat' dir='ltr'>Euripides</span> <span class='ocrx_word' id='word_1_35' title='bbox 967 932 1093 997; x_wconf 90' lang='lat' dir='ltr'>quoque</span> <span class='ocrx_word' id='word_1_36' title='bbox 1125 934 1252 977; x_wconf 79' lang='lat' dir='ltr'>auream</span> <span class='ocrx_word' id='word_1_37' title='bbox 1282 913 1372 977; x_wconf 93' lang='lat' dir='ltr'>illam</span> 
     </span>
     <span class='ocr_line' id='line_1_6' title="bbox 173 1015 1375 1101; baseline 0.002 -22"><span class='ocrx_word' id='word_1_38' title='bbox 173 1017 429 1081; x_wconf 72' lang='lat' dir='ltr'>mediocritatem</span> <span class='ocrx_word' id='word_1_39' title='bbox 464 1017 624 1083; x_wconf 87' lang='lat' dir='ltr'>laudabat.</span> <span class='ocrx_word' id='word_1_40' title='bbox 660 1015 857 1101; x_wconf 78' lang='lat' dir='ltr'>Frequenter</span> <span class='ocrx_word' id='word_1_41' title='bbox 886 1018 921 1080; x_wconf 91' lang='lat' dir='ltr'>in</span> <span class='ocrx_word' id='word_1_42' title='bbox 953 1018 1020 1081; x_wconf 91' lang='lat' dir='ltr'>eius</span> <span class='ocrx_word' id='word_1_43' title='bbox 1052 1018 1169 1083; x_wconf 86' lang='lat' dir='ltr'>fabulis</span> <span class='ocrx_word' id='word_1_44' title='bbox 1201 1020 1375 1084; x_wconf 88' lang='lat' dir='ltr'>occurrunt</span> 
     </span>
     <span class='ocr_line' id='line_1_7' title="bbox 174 1122 1373 1210; baseline 0.003 -24"><span class='ocrx_word' id='word_1_45' title='bbox 174 1122 338 1201; x_wconf 90' lang='lat' dir='ltr'>homines,</span> <span class='ocrx_word' id='word_1_46' title='bbox 371 1123 427 1208; x_wconf 89' lang='lat' dir='ltr'>qui</span> <span class='ocrx_word' id='word_1_47' title='bbox 455 1122 550 1188; x_wconf 90' lang='lat' dir='ltr'>huius</span> <span class='ocrx_word' id='word_1_48' title='bbox 573 1122 735 1207; x_wconf 77' lang='lat' dir='ltr'>praecepti</span> <span class='ocrx_word' id='word_1_49' title='bbox 758 1122 897 1207; x_wconf 85' lang='lat' dir='ltr'>neglecti</span> <span class='ocrx_word' id='word_1_50' title='bbox 919 1143 1038 1208; x_wconf 90' lang='lat' dir='ltr'>poenas</span> <span class='ocrx_word' id='word_1_51' title='bbox 1062 1124 1152 1189; x_wconf 89' lang='lat' dir='ltr'>dant.</span> <span class='ocrx_word' id='word_1_52' title='bbox 1176 1123 1373 1210; x_wconf 83' lang='lat' dir='ltr'>Hippolytus</span> 
     </span>
     <span class='ocr_line' id='line_1_8' title="bbox 175 1228 1371 1315; baseline 0.001 -22"><span class='ocrx_word' id='word_1_53' title='bbox 175 1229 274 1313; x_wconf 89' lang='lat' dir='ltr'>periit</span> <span class='ocrx_word' id='word_1_54' title='bbox 303 1230 389 1314; x_wconf 89' lang='lat' dir='ltr'>quod</span> <span class='ocrx_word' id='word_1_55' title='bbox 420 1252 452 1293; x_wconf 89' lang='lat' dir='ltr'>se</span> <span class='ocrx_word' id='word_1_56' title='bbox 484 1250 591 1295; x_wconf 90' lang='lat' dir='ltr'>amore</span> <span class='ocrx_word' id='word_1_57' title='bbox 622 1249 727 1293; x_wconf 86' lang='lat' dir='ltr'>carere</span> <span class='ocrx_word' id='word_1_58' title='bbox 750 1248 843 1313; x_wconf 88' lang='lat' dir='ltr'>posse</span> <span class='ocrx_word' id='word_1_59' title='bbox 866 1229 1021 1314; x_wconf 84' lang='lat' dir='ltr'>putabat,</span> <span class='ocrx_word' id='word_1_60' title='bbox 1046 1228 1261 1315; x_wconf 90' lang='lat' dir='ltr'>Bellerophon</span> <span class='ocrx_word' id='word_1_61' title='bbox 1285 1230 1371 1315; x_wconf 94' lang='lat' dir='ltr'>quod</span> 
     </span>
     <span class='ocr_line' id='line_1_9' title="bbox 175 1334 1373 1420; baseline 0.002 -21"><span class='ocrx_word' id='word_1_62' title='bbox 175 1339 264 1399; x_wconf 85' lang='lat' dir='ltr'>terra</span> <span class='ocrx_word' id='word_1_63' title='bbox 292 1335 403 1401; x_wconf 86' lang='lat' dir='ltr'>relicta</span> <span class='ocrx_word' id='word_1_64' title='bbox 431 1336 511 1401; x_wconf 92' lang='lat' dir='ltr'>coeli</span> <span class='ocrx_word' id='word_1_65' title='bbox 540 1334 685 1419; x_wconf 80' lang='lat' dir='ltr'>regiones</span> <span class='ocrx_word' id='word_1_66' title='bbox 719 1339 825 1420; x_wconf 87' lang='lat' dir='ltr'>petere</span> <span class='ocrx_word' id='word_1_67' title='bbox 858 1355 954 1400; x_wconf 90' lang='lat' dir='ltr'>ausus</span> <span class='ocrx_word' id='word_1_68' title='bbox 976 1340 1055 1401; x_wconf 87' lang='lat' dir='ltr'>erat.</span> <span class='ocrx_word' id='word_1_69' title='bbox 1081 1336 1239 1402; x_wconf 84' lang='lat' dir='ltr'>Adrastus</span> <span class='ocrx_word' id='word_1_70' title='bbox 1263 1337 1373 1402; x_wconf 91' lang='lat' dir='ltr'>omnia</span> 
     </span>
     <span class='ocr_line' id='line_1_10' title="bbox 177 1441 1375 1529; baseline 0.003 -24"><span class='ocrx_word' id='word_1_71' title='bbox 177 1441 351 1526; x_wconf 80' lang='lat' dir='ltr'>perdidisse</span> <span class='ocrx_word' id='word_1_72' title='bbox 381 1442 573 1525; x_wconf 83' lang='lat' dir='ltr'>intelligitur</span> <span class='ocrx_word' id='word_1_73' title='bbox 603 1441 678 1525; x_wconf 88' lang='lat' dir='ltr'>quia</span> <span class='ocrx_word' id='word_1_74' title='bbox 708 1441 893 1526; x_wconf 85' lang='lat' dir='ltr'>arrogantia</span> <span class='ocrx_word' id='word_1_75' title='bbox 920 1441 1022 1506; x_wconf 89' lang='lat' dir='ltr'>elatus</span> <span class='ocrx_word' id='word_1_76' title='bbox 1046 1443 1145 1508; x_wconf 89' lang='lat' dir='ltr'>nimia</span> <span class='ocrx_word' id='word_1_77' title='bbox 1169 1444 1375 1529; x_wconf 77' lang='lat' dir='ltr'>appetivisset</span> 
     </span>
     <span class='ocr_line' id='line_1_11' title="bbox 178 1546 1447 1633; baseline 0.003 -23"><span class='ocrx_word' id='word_1_78' title='bbox 178 1546 227 1632; x_wconf 82' lang='lat' dir='ltr'>(in</span> <span class='ocrx_word' id='word_1_79' title='bbox 258 1546 399 1632; x_wconf 82' lang='lat' dir='ltr'>Suppl.);</span> <span class='ocrx_word' id='word_1_80' title='bbox 432 1570 540 1612; x_wconf 89' lang='lat' dir='ltr'>rursus</span> <span class='ocrx_word' id='word_1_81' title='bbox 563 1547 611 1632; x_wconf 82' lang='lat' dir='ltr'>(in</span> <span class='ocrx_word' id='word_1_82' title='bbox 636 1549 746 1611; x_wconf 90' lang='lat' dir='ltr'>eodem</span> <span class='ocrx_word' id='word_1_83' title='bbox 771 1547 927 1630; x_wconf 81' lang='lat' dir='ltr'>dramate)</span> <span class='ocrx_word' id='word_1_84' title='bbox 948 1548 1016 1632; x_wconf 90' lang='lat' dir='ltr'>ipse</span> <span class='ocrx_word' id='word_1_85' title='bbox 1040 1549 1178 1633; x_wconf 90' lang='lat' dir='ltr'>populus</span> <span class='ocrx_word' id='word_1_86' title='bbox 1202 1549 1374 1614; x_wconf 84' lang='lat' dir='ltr'>Thebanus</span> <span class='ocrx_word' id='word_1_87' title='bbox 1445 1621 1447 1625; x_wconf 11' lang='lat'>³</span> 
     </span>
     <span class='ocr_line' id='line_1_12' title="bbox 179 1653 1376 1739; baseline 0.001 -22"><span class='ocrx_word' id='word_1_88' title='bbox 179 1657 312 1739; x_wconf 89' lang='lat' dir='ltr'>propter</span> <span class='ocrx_word' id='word_1_89' title='bbox 333 1654 419 1733; x_wconf 78' lang='grc' dir='ltr'><strong><em>ὕβριν</em></strong></span> <span class='ocrx_word' id='word_1_90' title='bbox 444 1677 463 1719; x_wconf 93' lang='lat' dir='ltr'>a</span> <span class='ocrx_word' id='word_1_91' title='bbox 485 1654 607 1718; x_wconf 82' lang='lat' dir='ltr'>Theseo</span> <span class='ocrx_word' id='word_1_92' title='bbox 631 1653 827 1728; x_wconf 83' lang='lat' dir='ltr'>devincitur3</span> <span class='ocrx_word' id='word_1_93' title='bbox 847 1653 1012 1717; x_wconf 90' lang='lat' dir='ltr'>Pentheus</span> <span class='ocrx_word' id='word_1_94' title='bbox 1031 1654 1144 1719; x_wconf 88' lang='lat' dir='ltr'>misere</span> <span class='ocrx_word' id='word_1_95' title='bbox 1164 1656 1376 1720; x_wconf 87' lang='lat' dir='ltr'>obtruncatur</span> 
     </span>
     <span class='ocr_line' id='line_1_13' title="bbox 178 1759 1257 1846; baseline 0.003 -22"><span class='ocrx_word' id='word_1_96' title='bbox 178 1763 264 1844; x_wconf 89' lang='lat' dir='ltr'>quod</span> <span class='ocrx_word' id='word_1_97' title='bbox 288 1783 365 1845; x_wconf 87' lang='lat' dir='ltr'>prae</span> <span class='ocrx_word' id='word_1_98' title='bbox 387 1761 535 1846; x_wconf 89' lang='lat' dir='ltr'>superbia</span> <span class='ocrx_word' id='word_1_99' title='bbox 556 1760 735 1844; x_wconf 81' lang='lat' dir='ltr'>Dionysum</span> <span class='ocrx_word' id='word_1_100' title='bbox 759 1780 825 1823; x_wconf 90' lang='lat' dir='ltr'>non</span> <span class='ocrx_word' id='word_1_101' title='bbox 847 1759 1042 1843; x_wconf 87' lang='lat' dir='ltr'>agnoscebat</span> <span class='ocrx_word' id='word_1_102' title='bbox 1063 1782 1130 1825; x_wconf 88' lang='lat' dir='ltr'>esse</span> <span class='ocrx_word' id='word_1_103' title='bbox 1153 1764 1257 1827; x_wconf 89' lang='lat' dir='ltr'>deum.</span> 
     </span>
    </p>

    <p class='ocr_par' dir='ltr' id='par_1_3' title="bbox 182 1864 1373 2059">
     <span class='ocr_line' id='line_1_14' title="bbox 226 1864 1373 1952; baseline 0 -22"><span class='ocrx_word' id='word_1_104' title='bbox 226 1866 346 1952; x_wconf 85' lang='lat' dir='ltr'>Magna</span> <span class='ocrx_word' id='word_1_105' title='bbox 375 1888 502 1952; x_wconf 89' lang='lat' dir='ltr'>quoque</span> <span class='ocrx_word' id='word_1_106' title='bbox 532 1871 580 1931; x_wconf 89' lang='lat' dir='ltr'>est</span> <span class='ocrx_word' id='word_1_107' title='bbox 612 1865 842 1930; x_wconf 88' lang='lat' dir='ltr'>sententiarum</span> <span class='ocrx_word' id='word_1_108' title='bbox 872 1864 964 1948; x_wconf 92' lang='lat' dir='ltr'>copia</span> <span class='ocrx_word' id='word_1_109' title='bbox 987 1865 1097 1929; x_wconf 91' lang='lat' dir='ltr'>eodem</span> <span class='ocrx_word' id='word_1_110' title='bbox 1122 1867 1373 1952; x_wconf 83' lang='lat' dir='ltr'>pertinentium,</span> 
     </span>
     <span class='ocr_line' id='line_1_15' title="bbox 182 1969 1193 2059; baseline -0.004 -20"><span class='ocrx_word' id='word_1_111' title='bbox 182 1996 317 2059; x_wconf 90' lang='lat' dir='ltr'>quarum</span> <span class='ocrx_word' id='word_1_112' title='bbox 338 1974 512 2039; x_wconf 87' lang='lat' dir='ltr'>nonnullas</span> <span class='ocrx_word' id='word_1_113' title='bbox 534 1994 720 2057; x_wconf 90' lang='lat' dir='ltr'>proponam.</span> <span class='ocrx_word' id='word_1_114' title='bbox 747 1970 866 2035; x_wconf 83' lang='lat' dir='ltr'>Nutrix</span> <span class='ocrx_word' id='word_1_115' title='bbox 888 1969 924 2034; x_wconf 91' lang='lat' dir='ltr'>in</span> <span class='ocrx_word' id='word_1_116' title='bbox 947 1970 1059 2036; x_wconf 89' lang='lat' dir='ltr'>Medea</span> <span class='ocrx_word' id='word_1_117' title='bbox 1082 1972 1193 2056; x_wconf 79' lang='lat'>(125):</span> 
     </span>
    </p>

    <p class='ocr_par' dir='ltr' id='par_1_4' title="bbox 384 2070 1181 2373">
     <span class='ocr_line' id='line_1_16' title="bbox 385 2070 1181 2162; baseline -0.005 -16"><span class='ocrx_word' id='word_1_118' title='bbox 385 2086 442 2146; x_wconf 78' lang='grc' dir='ltr'>τῶν</span> <span class='ocrx_word' id='word_1_119' title='bbox 467 2081 530 2160; x_wconf 70' lang='grc' dir='ltr'>γὰρ</span> <span class='ocrx_word' id='word_1_120' title='bbox 553 2080 698 2161; x_wconf 81' lang='grc' dir='ltr'>μετρίων,</span> <span class='ocrx_word' id='word_1_121' title='bbox 722 2078 848 2162; x_wconf 91' lang='lat' dir='ltr'>inquit,</span> <span class='ocrx_word' id='word_1_122' title='bbox 872 2083 979 2155; x_wconf 80' lang='grc' dir='ltr'><strong><em>τρῶτα</em></strong></span> <span class='ocrx_word' id='word_1_123' title='bbox 1003 2079 1060 2155; x_wconf 71' lang='grc' dir='ltr'>μὲν</span> <span class='ocrx_word' id='word_1_124' title='bbox 1084 2070 1181 2142; x_wconf 69' lang='lat' dir='ltr'>alasii</span> 
     </span>
     <span class='ocr_line' id='line_1_17' title="bbox 384 2185 978 2274; baseline -0.003 -23"><span class='ocrx_word' id='word_1_125' title='bbox 384 2186 517 2264; x_wconf 80' lang='grc' dir='ltr'><strong><em>τοῦνομα</em></strong></span> <span class='ocrx_word' id='word_1_126' title='bbox 542 2193 631 2270; x_wconf 73' lang='grc' dir='ltr'><strong><em>νικᾷ,</em></strong></span> <span class='ocrx_word' id='word_1_127' title='bbox 654 2186 787 2267; x_wconf 75' lang='grc' dir='ltr'><strong><em>χρῆσθαί</em></strong></span> <span class='ocrx_word' id='word_1_128' title='bbox 810 2208 845 2250; x_wconf 80' lang='grc' dir='ltr'>τε</span> <span class='ocrx_word' id='word_1_129' title='bbox 870 2185 978 2274; x_wconf 78' lang='grc' dir='ltr'><strong><em>μακρῷ</em></strong></span> 
     </span>
     <span class='ocr_line' id='line_1_18' title="bbox 389 2294 681 2373; baseline 0.003 -15"><span class='ocrx_word' id='word_1_130' title='bbox 389 2297 496 2373; x_wconf 77' lang='grc' dir='ltr'><strong><em>λῷστα</em></strong></span> <span class='ocrx_word' id='word_1_131' title='bbox 518 2294 681 2372; x_wconf 80' lang='grc' dir='ltr'><strong><em>βροτοῖσιν.</em></strong></span> 
     </span>
    </p>

    <p class='ocr_par' dir='ltr' id='par_1_5' title="bbox 184 2398 1377 3122">
     <span class='ocr_line' id='line_1_19' title="bbox 227 2398 1375 2485; baseline -0.003 -19"><span class='ocrx_word' id='word_1_132' title='bbox 227 2402 392 2467; x_wconf 88' lang='lat' dir='ltr'>Phaedrae</span> <span class='ocrx_word' id='word_1_133' title='bbox 422 2401 532 2465; x_wconf 81' lang='lat' dir='ltr'>nutrix</span> <span class='ocrx_word' id='word_1_134' title='bbox 563 2401 598 2463; x_wconf 94' lang='lat' dir='ltr'>in</span> <span class='ocrx_word' id='word_1_135' title='bbox 628 2398 807 2484; x_wconf 91' lang='lat' dir='ltr'>Hippolyto</span> <span class='ocrx_word' id='word_1_136' title='bbox 836 2398 913 2463; x_wconf 90' lang='lat' dir='ltr'>dicit</span> <span class='ocrx_word' id='word_1_137' title='bbox 935 2398 1016 2485; x_wconf 80' lang='lat'>(253</span> <span class='ocrx_word' id='word_1_138' title='bbox 1039 2401 1122 2482; x_wconf 85' lang='lat' dir='ltr'>sqq.)</span> <span class='ocrx_word' id='word_1_139' title='bbox 1146 2399 1293 2481; x_wconf 87' lang='lat' dir='ltr'>oportere</span> <span class='ocrx_word' id='word_1_140' title='bbox 1316 2398 1375 2463; x_wconf 92' lang='lat' dir='ltr'>ho-</span> 
     </span>
     <span class='ocr_line' id='line_1_20' title="bbox 184 2503 1375 2588; baseline -0.003 -16"><span class='ocrx_word' id='word_1_141' title='bbox 184 2509 306 2573; x_wconf 90' lang='lat' dir='ltr'>minum</span> <span class='ocrx_word' id='word_1_142' title='bbox 329 2506 485 2573; x_wconf 87' lang='lat' dir='ltr'>amicitias</span> <span class='ocrx_word' id='word_1_143' title='bbox 509 2528 574 2571; x_wconf 91' lang='lat' dir='ltr'>esse</span> <span class='ocrx_word' id='word_1_144' title='bbox 598 2506 754 2588; x_wconf 83' lang='lat' dir='ltr'>modicas,</span> <span class='ocrx_word' id='word_1_145' title='bbox 779 2504 825 2568; x_wconf 86' lang='lat' dir='ltr'>ita</span> <span class='ocrx_word' id='word_1_146' title='bbox 848 2508 885 2569; x_wconf 92' lang='lat' dir='ltr'>ut</span> <span class='ocrx_word' id='word_1_147' title='bbox 907 2503 1000 2569; x_wconf 90' lang='lat' dir='ltr'>facile</span> <span class='ocrx_word' id='word_1_148' title='bbox 1021 2504 1237 2588; x_wconf 85' lang='lat' dir='ltr'>conglutinari</span> <span class='ocrx_word' id='word_1_149' title='bbox 1258 2507 1292 2569; x_wconf 89' lang='lat' dir='ltr'>et</span> <span class='ocrx_word' id='word_1_150' title='bbox 1311 2505 1375 2569; x_wconf 89' lang='lat' dir='ltr'>dis·</span> 
     </span>
     <span class='ocr_line' id='line_1_21' title="bbox 184 2611 1374 2700; baseline -0.003 -22"><span class='ocrx_word' id='word_1_151' title='bbox 184 2616 296 2679; x_wconf 88' lang='lat' dir='ltr'>sociari</span> <span class='ocrx_word' id='word_1_152' title='bbox 326 2614 459 2700; x_wconf 88' lang='lat' dir='ltr'>possint.</span> <span class='ocrx_word' id='word_1_153' title='bbox 492 2614 599 2678; x_wconf 84' lang='lat' dir='ltr'>Tertia</span> <span class='ocrx_word' id='word_1_154' title='bbox 623 2612 732 2677; x_wconf 85' lang='lat' dir='ltr'>nutrix</span> <span class='ocrx_word' id='word_1_155' title='bbox 753 2612 788 2675; x_wconf 92' lang='lat' dir='ltr'>in</span> <span class='ocrx_word' id='word_1_156' title='bbox 813 2612 989 2677; x_wconf 91' lang='lat' dir='ltr'>Hermiona</span> <span class='ocrx_word' id='word_1_157' title='bbox 1012 2611 1216 2696; x_wconf 87' lang='lat' dir='ltr'>reprehendit</span> <span class='ocrx_word' id='word_1_158' title='bbox 1240 2612 1374 2677; x_wconf 90' lang='lat' dir='ltr'>nimium</span> 
     </span>
     <span class='ocr_line' id='line_1_22' title="bbox 186 2716 1377 2797; baseline -0.003 -12"><span class='ocrx_word' id='word_1_159' title='bbox 186 2722 291 2785; x_wconf 91' lang='lat' dir='ltr'>odium</span> <span class='ocrx_word' id='word_1_160' title='bbox 330 2719 590 2797; x_wconf 84' lang='lat' dir='ltr'>Andromachae,</span> <span class='ocrx_word' id='word_1_161' title='bbox 624 2720 678 2784; x_wconf 85' lang='lat' dir='ltr'>sed</span> <span class='ocrx_word' id='word_1_162' title='bbox 708 2720 741 2783; x_wconf 89' lang='lat' dir='ltr'>et</span> <span class='ocrx_word' id='word_1_163' title='bbox 772 2718 906 2782; x_wconf 89' lang='lat' dir='ltr'>nimium</span> <span class='ocrx_word' id='word_1_164' title='bbox 938 2722 1059 2783; x_wconf 91' lang='lat' dir='ltr'>metum</span> <span class='ocrx_word' id='word_1_165' title='bbox 1091 2739 1131 2782; x_wconf 93' lang='lat' dir='ltr'>ne</span> <span class='ocrx_word' id='word_1_166' title='bbox 1161 2718 1296 2782; x_wconf 89' lang='lat' dir='ltr'>maritus</span> <span class='ocrx_word' id='word_1_167' title='bbox 1315 2716 1377 2781; x_wconf 84' lang='lat' dir='ltr'>sibi</span> 
     </span>
     <span class='ocr_line' id='line_1_23' title="bbox 185 2823 1376 2911; baseline 0.002 -22"><span class='ocrx_word' id='word_1_168' title='bbox 185 2826 337 2892; x_wconf 87' lang='lat' dir='ltr'>irascatur</span> <span class='ocrx_word' id='word_1_169' title='bbox 360 2827 446 2911; x_wconf 90' lang='lat' dir='ltr'>quod</span> <span class='ocrx_word' id='word_1_170' title='bbox 469 2827 502 2890; x_wconf 92' lang='lat' dir='ltr'>in</span> <span class='ocrx_word' id='word_1_171' title='bbox 523 2825 611 2889; x_wconf 93' lang='lat' dir='ltr'>illam</span> <span class='ocrx_word' id='word_1_172' title='bbox 636 2828 703 2889; x_wconf 90' lang='lat' dir='ltr'>tam</span> <span class='ocrx_word' id='word_1_173' title='bbox 727 2824 898 2888; x_wconf 86' lang='lat' dir='ltr'>crudeliter</span> <span class='ocrx_word' id='word_1_174' title='bbox 921 2826 1063 2907; x_wconf 85' lang='lat' dir='ltr'>grassata</span> <span class='ocrx_word' id='word_1_175' title='bbox 1087 2827 1169 2888; x_wconf 91' lang='lat' dir='ltr'>esset</span> <span class='ocrx_word' id='word_1_176' title='bbox 1189 2823 1269 2909; x_wconf 84' lang='lat'><strong>(866</strong></span> <span class='ocrx_word' id='word_1_177' title='bbox 1281 2825 1376 2909; x_wconf 77' lang='lat' dir='ltr'>sqq).</span> 
     </span>
     <span class='ocr_line' id='line_1_24' title="bbox 185 2928 1374 3015; baseline -0.005 -18"><span class='ocrx_word' id='word_1_178' title='bbox 185 2932 308 2999; x_wconf 89' lang='lat' dir='ltr'>Iocaste</span> <span class='ocrx_word' id='word_1_179' title='bbox 330 2934 365 2997; x_wconf 92' lang='lat' dir='ltr'>in</span> <span class='ocrx_word' id='word_1_180' title='bbox 389 2932 570 2997; x_wconf 90' lang='lat' dir='ltr'>Phoenissis</span> <span class='ocrx_word' id='word_1_181' title='bbox 593 2931 675 2996; x_wconf 89' lang='lat' dir='ltr'>filios</span> <span class='ocrx_word' id='word_1_182' title='bbox 698 2930 827 3015; x_wconf 89' lang='lat' dir='ltr'>flagitat</span> <span class='ocrx_word' id='word_1_183' title='bbox 849 2933 886 2993; x_wconf 92' lang='lat' dir='ltr'>ut</span> <span class='ocrx_word' id='word_1_184' title='bbox 908 2931 1063 2994; x_wconf 90' lang='lat' dir='ltr'>omittant</span> <span class='ocrx_word' id='word_1_185' title='bbox 1081 2929 1116 2993; x_wconf 78' lang='grc' dir='ltr'>τί</span> <span class='ocrx_word' id='word_1_186' title='bbox 1136 2931 1218 2993; x_wconf 77' lang='grc' dir='ltr'><strong><em>λίαν.</em></strong></span> <span class='ocrx_word' id='word_1_187' title='bbox 1242 2928 1282 2993; x_wconf 91' lang='lat' dir='ltr'>In</span> <span class='ocrx_word' id='word_1_188' title='bbox 1301 2928 1374 3013; x_wconf 86' lang='lat' dir='ltr'>Iph.</span> 
     </span>
     <span class='ocr_line' id='line_1_25' title="bbox 185 3036 1018 3122; baseline -0.006 -18"><span class='ocrx_word' id='word_1_189' title='bbox 185 3038 257 3104; x_wconf 84' lang='lat' dir='ltr'>Aul.</span> <span class='ocrx_word' id='word_1_190' title='bbox 283 3038 425 3105; x_wconf 84' lang='lat' dir='ltr'>Achilles</span> <span class='ocrx_word' id='word_1_191' title='bbox 449 3042 487 3103; x_wconf 90' lang='lat' dir='ltr'>de</span> <span class='ocrx_word' id='word_1_192' title='bbox 511 3060 567 3103; x_wconf 91' lang='lat' dir='ltr'>suo</span> <span class='ocrx_word' id='word_1_193' title='bbox 592 3038 698 3102; x_wconf 89' lang='lat' dir='ltr'>animo</span> <span class='ocrx_word' id='word_1_194' title='bbox 721 3036 883 3122; x_wconf 88' lang='lat' dir='ltr'>praedicat</span> <span class='ocrx_word' id='word_1_195' title='bbox 907 3036 1018 3121; x_wconf 83' lang='lat'><strong>(920):</strong></span> 
     </span>
    </p>

    <p class='ocr_par' dir='ltr' id='par_1_6' title="bbox 371 3141 1126 3546">
     <span class='ocr_line' id='line_1_26' title="bbox 412 3141 1115 3226; baseline -0.007 -17"><span class='ocrx_word' id='word_1_196' title='bbox 412 3147 581 3209; x_wconf 79' lang='grc' dir='ltr'><strong><em>ἐπίσταται</em></strong></span> <span class='ocrx_word' id='word_1_197' title='bbox 605 3145 636 3209; x_wconf 74' lang='grc' dir='ltr'>δὲ</span> <span class='ocrx_word' id='word_1_198' title='bbox 660 3152 723 3214; x_wconf 76' lang='grc' dir='ltr'><strong><em>τοία</em></strong></span> <span class='ocrx_word' id='word_1_199' title='bbox 747 3145 869 3208; x_wconf 78' lang='grc' dir='ltr'><strong><em>κακοῖσί</em></strong></span> <span class='ocrx_word' id='word_1_200' title='bbox 891 3141 920 3206; x_wconf 91' lang='grc' dir='ltr'>τ’</span> <span class='ocrx_word' id='word_1_201' title='bbox 945 3143 1115 3226; x_wconf 70' lang='grc' dir='ltr'>ἀσχαλᾶν,</span> 
     </span>
     <span class='ocr_line' id='line_1_27' title="bbox 411 3246 1119 3332; baseline -0.01 -15"><span class='ocrx_word' id='word_1_202' title='bbox 411 3252 540 3332; x_wconf 73' lang='grc' dir='ltr'><strong><em>μετρίως</em></strong></span> <span class='ocrx_word' id='word_1_203' title='bbox 565 3275 599 3316; x_wconf 84' lang='grc' dir='ltr'>τε</span> <span class='ocrx_word' id='word_1_204' title='bbox 623 3250 744 3331; x_wconf 74' lang='grc' dir='ltr'><strong><em>χαίρειν</em></strong></span> <span class='ocrx_word' id='word_1_205' title='bbox 766 3258 860 3315; x_wconf 78' lang='grc' dir='ltr'><strong><em>ταῖσιν</em></strong></span> <span class='ocrx_word' id='word_1_206' title='bbox 884 3246 1119 3326; x_wconf 73' lang='grc' dir='ltr'>ἐξωγκωμένοις.</span> 
     </span>
     <span class='ocr_line' id='line_1_28' title="bbox 412 3352 1126 3449; baseline -0.008 -26"><span class='ocrx_word' id='word_1_207' title='bbox 412 3357 627 3436; x_wconf 72' lang='grc' dir='ltr'>λελογισμένοι</span> <span class='ocrx_word' id='word_1_208' title='bbox 651 3358 714 3449; x_wconf 73' lang='grc' dir='ltr'><strong><em>γίιρ</em></strong></span> <span class='ocrx_word' id='word_1_209' title='bbox 738 3356 763 3422; x_wconf 86' lang='lat' dir='ltr'>ol</span> <span class='ocrx_word' id='word_1_210' title='bbox 787 3354 889 3421; x_wconf 74' lang='grc' dir='ltr'><strong><em>τοιοίδ’</em></strong></span> <span class='ocrx_word' id='word_1_211' title='bbox 913 3353 987 3418; x_wconf 81' lang='grc' dir='ltr'><strong><em>εἰσίν</em></strong></span> <span class='ocrx_word' id='word_1_212' title='bbox 1011 3352 1126 3440; x_wconf 77' lang='grc' dir='ltr'>βρωτῶν</span> 
     </span>
     <span class='ocr_line' id='line_1_29' title="bbox 371 3455 1103 3546; baseline -0.004 -17"><span class='ocrx_word' id='word_1_213' title='bbox 371 3499 374 3505; x_wconf 63' lang='grc'><strong>’</strong></span> <span class='ocrx_word' id='word_1_214' title='bbox 412 3467 497 3545; x_wconf 75' lang='grc' dir='ltr'><em>ὀρθῶς</em></span> <span class='ocrx_word' id='word_1_215' title='bbox 524 3465 628 3546; x_wconf 72' lang='grc' dir='ltr'><strong><em>διαζῆν</em></strong></span> <span class='ocrx_word' id='word_1_216' title='bbox 652 3466 703 3528; x_wconf 81' lang='grc' dir='ltr'>τὸν</span> <span class='ocrx_word' id='word_1_217' title='bbox 727 3462 794 3541; x_wconf 80' lang='grc' dir='ltr'><strong><em>βίον</em></strong></span> <span class='ocrx_word' id='word_1_218' title='bbox 820 3465 946 3540; x_wconf 70' lang='grc' dir='ltr'><strong><em>γνώμης</em></strong></span> <span class='ocrx_word' id='word_1_219' title='bbox 970 3458 1055 3537; x_wconf 76' lang='grc' dir='ltr'><strong><em>μέτα</em></strong></span> <span class='ocrx_word' id='word_1_220' title='bbox 1068 3455 1103 3539; x_wconf 87' lang='lat'>¹).</span> 
     </span>
    </p>

    <p class='ocr_par' dir='ltr' id='par_1_7' title="bbox 188 3563 1378 3978">
     <span class='ocr_line' id='line_1_30' title="bbox 233 3563 1377 3656; baseline -0.01 -18"><span class='ocrx_word' id='word_1_221' title='bbox 233 3573 294 3639; x_wconf 84' lang='lat' dir='ltr'>Sed</span> <span class='ocrx_word' id='word_1_222' title='bbox 325 3572 435 3637; x_wconf 88' lang='lat' dir='ltr'>docuit</span> <span class='ocrx_word' id='word_1_223' title='bbox 464 3570 633 3656; x_wconf 84' lang='lat' dir='ltr'>Hippolyti</span> <span class='ocrx_word' id='word_1_224' title='bbox 658 3569 811 3653; x_wconf 84' lang='lat' dir='ltr'>expositio</span> <span class='ocrx_word' id='word_1_225' title='bbox 836 3568 910 3647; x_wconf 86' lang='lat' dir='ltr'>(vid.</span> <span class='ocrx_word' id='word_1_226' title='bbox 934 3585 988 3650; x_wconf 87' lang='lat' dir='ltr'>pg.</span> <span class='ocrx_word' id='word_1_227' title='bbox 1014 3563 1186 3650; x_wconf 85' lang='lat'><strong>99-101)</strong></span> <span class='ocrx_word' id='word_1_228' title='bbox 1211 3586 1284 3629; x_wconf 88' lang='lat' dir='ltr'>eum</span> <span class='ocrx_word' id='word_1_229' title='bbox 1310 3585 1377 3628; x_wconf 90' lang='lat' dir='ltr'>non</span> 
     </span>
     <span class='ocr_line' id='line_1_31' title="bbox 188 3667 1378 3765; baseline -0.011 -20"><span class='ocrx_word' id='word_1_230' title='bbox 188 3702 309 3765; x_wconf 90' lang='lat' dir='ltr'>semper</span> <span class='ocrx_word' id='word_1_231' title='bbox 339 3700 440 3765; x_wconf 88' lang='lat' dir='ltr'>aequo</span> <span class='ocrx_word' id='word_1_232' title='bbox 472 3677 578 3742; x_wconf 88' lang='lat' dir='ltr'>animo</span> <span class='ocrx_word' id='word_1_233' title='bbox 608 3676 690 3741; x_wconf 88' lang='lat' dir='ltr'>ferre</span> <span class='ocrx_word' id='word_1_234' title='bbox 720 3697 840 3761; x_wconf 89' lang='lat' dir='ltr'>poenas</span> <span class='ocrx_word' id='word_1_235' title='bbox 872 3676 905 3738; x_wconf 86' lang='lat' dir='ltr'>et</span> <span class='ocrx_word' id='word_1_236' title='bbox 930 3676 1065 3737; x_wconf 87' lang='lat' dir='ltr'>mortem</span> <span class='ocrx_word' id='word_1_237' title='bbox 1088 3692 1196 3736; x_wconf 89' lang='lat' dir='ltr'>eorum</span> <span class='ocrx_word' id='word_1_238' title='bbox 1220 3670 1276 3755; x_wconf 92' lang='lat' dir='ltr'>qui</span> <span class='ocrx_word' id='word_1_239' title='bbox 1297 3667 1378 3733; x_wconf 92' lang='lat' dir='ltr'>illud</span> 
     </span>
     <span class='ocr_line' id='line_1_32' title="bbox 190 3776 1376 3871; baseline -0.011 -19"><span class='ocrx_word' id='word_1_240' title='bbox 190 3794 392 3871; x_wconf 84' lang='lat' dir='ltr'>praeceptum</span> <span class='ocrx_word' id='word_1_241' title='bbox 429 3806 493 3849; x_wconf 89' lang='lat' dir='ltr'>non</span> <span class='ocrx_word' id='word_1_242' title='bbox 529 3782 784 3860; x_wconf 85' lang='lat' dir='ltr'>observaverint,</span> <span class='ocrx_word' id='word_1_243' title='bbox 818 3802 927 3845; x_wconf 89' lang='lat' dir='ltr'>verum</span> <span class='ocrx_word' id='word_1_244' title='bbox 962 3778 1166 3843; x_wconf 89' lang='lat' dir='ltr'>vehementer</span> <span class='ocrx_word' id='word_1_245' title='bbox 1195 3776 1376 3860; x_wconf 90' lang='lat' dir='ltr'>indignari,</span> 
     </span>
     <span class='ocr_line' id='line_1_33' title="bbox 190 3886 1078 3978; baseline -0.01 -20"><span class='ocrx_word' id='word_1_246' title='bbox 190 3895 312 3977; x_wconf 88' lang='lat' dir='ltr'>quoties</span> <span class='ocrx_word' id='word_1_247' title='bbox 336 3891 482 3978; x_wconf 87' lang='lat' dir='ltr'>generosi</span> <span class='ocrx_word' id='word_1_248' title='bbox 505 3894 537 3954; x_wconf 86' lang='lat' dir='ltr'>et</span> <span class='ocrx_word' id='word_1_249' title='bbox 558 3890 651 3974; x_wconf 93' lang='lat' dir='ltr'>probi</span> <span class='ocrx_word' id='word_1_250' title='bbox 674 3889 734 3954; x_wconf 88' lang='lat' dir='ltr'>hac</span> <span class='ocrx_word' id='word_1_251' title='bbox 757 3889 795 3952; x_wconf 88' lang='lat' dir='ltr'>de</span> <span class='ocrx_word' id='word_1_252' title='bbox 818 3908 914 3951; x_wconf 87' lang='lat' dir='ltr'>causa</span> <span class='ocrx_word' id='word_1_253' title='bbox 935 3886 1078 3969; x_wconf 86' lang='lat' dir='ltr'>pereant.</span> 
     </span>
    </p>

    <p class='ocr_par' dir='ltr' id='par_1_8' title="bbox 235 3987 1379 4083">
     <span class='ocr_line' id='line_1_34' title="bbox 235 3987 1379 4083; baseline -0.01 -19"><span class='ocrx_word' id='word_1_254' title='bbox 235 3998 384 4083; x_wconf 82' lang='lat' dir='ltr'>Suspicor</span> <span class='ocrx_word' id='word_1_255' title='bbox 415 3996 672 4081; x_wconf 90' lang='lat' dir='ltr'>Bellerophontis</span> <span class='ocrx_word' id='word_1_256' title='bbox 702 3994 837 4059; x_wconf 89' lang='lat' dir='ltr'>similem</span> <span class='ocrx_word' id='word_1_257' title='bbox 860 3992 956 4057; x_wconf 87' lang='lat' dir='ltr'>fnisse</span> <span class='ocrx_word' id='word_1_258' title='bbox 979 3991 1146 4056; x_wconf 87' lang='lat' dir='ltr'>rationem.</span> <span class='ocrx_word' id='word_1_259' title='bbox 1171 3987 1221 4053; x_wconf 78' lang='lat' dir='ltr'>Ex</span> <span class='ocrx_word' id='word_1_260' title='bbox 1244 3988 1379 4053; x_wconf 89' lang='lat' dir='ltr'>aliorum</span> 
     </span>
    </p>
   </div>
   <div class='ocr_carea' id='block_1_3' title="bbox 224 4300 1123 4528">
    <p class='ocr_par' dir='ltr' id='par_1_9' title="bbox 224 4300 1123 4528">
     <span class='ocr_line' id='line_1_35' title="bbox 224 4300 550 4366; baseline 0.003 -12"><span class='ocrx_word' id='word_1_261' title='bbox 224 4307 248 4366; x_wconf 88' lang='lat' dir='ltr'>l)</span> <span class='ocrx_word' id='word_1_262' title='bbox 265 4306 301 4356; x_wconf 82' lang='lat' dir='ltr'>Ol.</span> <span class='ocrx_word' id='word_1_263' title='bbox 319 4306 439 4355; x_wconf 81' lang='lat' dir='ltr'>Alcmeon.</span> <span class='ocrx_word' id='word_1_264' title='bbox 458 4301 488 4355; x_wconf 81' lang='lat' dir='ltr'>l‘r.</span> <span class='ocrx_word' id='word_1_265' title='bbox 506 4300 550 4355; x_wconf 79' lang='lat'>80:</span> 
     </span>
     <span class='ocr_line' id='line_1_36' title="bbox 449 4376 1123 4450; baseline -0.01 -13"><span class='ocrx_word' id='word_1_266' title='bbox 449 4406 453 4413; x_wconf 73' lang='grc'>’</span> <span class='ocrx_word' id='word_1_267' title='bbox 490 4389 588 4450; x_wconf 74' lang='grc' dir='ltr'><strong><em>βροτοῖς</em></strong></span> <span class='ocrx_word' id='word_1_268' title='bbox 606 4386 641 4435; x_wconf 79' lang='grc' dir='ltr'>τίν</span> <span class='ocrx_word' id='word_1_269' title='bbox 660 4380 739 4449; x_wconf 83' lang='grc' dir='ltr'><strong><em>μείζω</em></strong></span> <span class='ocrx_word' id='word_1_270' title='bbox 757 4387 806 4433; x_wconf 67' lang='grc' dir='ltr'>τῶν</span> <span class='ocrx_word' id='word_1_271' title='bbox 825 4376 908 4445; x_wconf 69' lang='lat' dir='ltr'>pedena</span> <span class='ocrx_word' id='word_1_272' title='bbox 924 4382 1007 4431; x_wconf 71' lang='grc' dir='ltr'><strong><em>τίκτει</em></strong></span> <span class='ocrx_word' id='word_1_273' title='bbox 1024 4383 1123 4438; x_wconf 71' lang='lat' dir='ltr'>adesse,</span> 
     </span>
     <span class='ocr_line' id='line_1_37' title="bbox 490 4461 1075 4528; baseline -0.012 -10"><span class='ocrx_word' id='word_1_274' title='bbox 490 4468 547 4519; x_wconf 72' lang='grc' dir='ltr'>ίιῶν</span> <span class='ocrx_word' id='word_1_275' title='bbox 566 4467 593 4517; x_wconf 73' lang='grc' dir='ltr'>δὲ</span> <span class='ocrx_word' id='word_1_276' title='bbox 611 4467 711 4525; x_wconf 71' lang='grc' dir='ltr'><strong><em>θνητοὺς</em></strong></span> <span class='ocrx_word' id='word_1_277' title='bbox 729 4468 822 4528; x_wconf 78' lang='grc' dir='ltr'><strong><em>κόσμον</em></strong></span> <span class='ocrx_word' id='word_1_278' title='bbox 838 4463 866 4513; x_wconf 73' lang='grc' dir='ltr'>τι)</span> <span class='ocrx_word' id='word_1_279' title='bbox 884 4462 970 4525; x_wconf 73' lang='grc' dir='ltr'><strong><em>πρέπει</em></strong></span> <span class='ocrx_word' id='word_1_280' title='bbox 987 4461 1075 4526; x_wconf 70' lang='grc' dir='ltr'><strong><em>φέρειν.</em></strong></span> 
     </span>
    </p>
   </div>
   <div class='ocr_carea' id='block_1_4' title="bbox 196 4527 1380 4619">
    <p class='ocr_par' dir='ltr' id='par_1_10' title="bbox 196 4527 1380 4619">
     <span class='ocr_line' id='line_1_38' title="bbox 196 4527 1380 4619; baseline -0.011 -16"><span class='ocrx_word' id='word_1_281' title='bbox 196 4527 242 4603; x_wconf 68' lang='lat' dir='ltr'>vir.</span> <span class='ocrx_word' id='word_1_282' title='bbox 260 4556 383 4619; x_wconf 77' lang='lat' dir='ltr'>praeterea</span> <span class='ocrx_word' id='word_1_283' title='bbox 402 4552 487 4602; x_wconf 61' lang='lat' dir='ltr'>asan.</span> <span class='ocrx_word' id='word_1_284' title='bbox 505 4551 645 4611; x_wconf 77' lang='lat' dir='ltr'>sar-car,</span> <span class='ocrx_word' id='word_1_285' title='bbox 663 4550 806 4600; x_wconf 69' lang='lat' dir='ltr'>nnuma.</span> <span class='ocrx_word' id='word_1_286' title='bbox 826 4548 855 4598; x_wconf 79' lang='lat' dir='ltr'>s.</span> <span class='ocrx_word' id='word_1_287' title='bbox 870 4546 933 4605; x_wconf 73' lang='grc' dir='ltr'>ιιι,</span> <span class='ocrx_word' id='word_1_288' title='bbox 950 4540 1380 4605; x_wconf 73' lang='lat' dir='ltr'>1n.1r.els‚4sa.1’niloct.h.wo.</span> 
     </span>
    </p>
   </div>
   <div class='ocr_carea' id='block_1_5' title="bbox 0 0 1645 5217">
    <p class='ocr_par' dir='ltr' id='par_1_11' title="bbox 0 0 1645 5217">
     <span class='ocr_line' id='line_1_39' title="bbox 0 0 1645 5217; baseline 0 0"><span class='ocrx_word' id='word_1_289' title='bbox 0 0 1645 5217; x_wconf 95' lang='lat' dir='ltr'> </span> 
     </span>
    </p>
   </div>
  </div>
 </body>
</html>
