<?xml version="1.0" encoding="UTF-8"?>
<!DOCTYPE html PUBLIC "-//W3C//DTD XHTML 1.0 Transitional//EN"
    "http://www.w3.org/TR/xhtml1/DTD/xhtml1-transitional.dtd">
<html xmlns="http://www.w3.org/1999/xhtml" xml:lang="en" lang="en">
 <head>
  <title>
</title>
<meta http-equiv="Content-Type" content="text/html;charset=utf-8" />
  <meta name='ocr-system' content='tesseract 3.04.00' />
  <meta name='ocr-capabilities' content='ocr_page ocr_carea ocr_par ocr_line ocrx_word'/>
</head>
<body>
  <div class='ocr_page' id='page_1' title='image "./commentatiodeeu00unkngoog_0051.png"; bbox 0 0 3250 5217; ppageno 0'>
   <div class='ocr_carea' id='block_1_1' title="bbox 795 389 921 468">
    <p class='ocr_par' dir='ltr' id='par_1_1' title="bbox 795 389 921 468">
     <span class='ocr_line' id='line_1_1' title="bbox 795 389 921 468; baseline 0 0"><span class='ocrx_word' id='word_1_1' title='bbox 795 389 921 468; x_wconf 83' lang='lat' dir='ltr'>so&#39;</span> 
     </span>
    </p>
   </div>
   <div class='ocr_carea' id='block_1_2' title="bbox 189 585 1404 4075">
    <p class='ocr_par' dir='ltr' id='par_1_2' title="bbox 213 585 1401 779">
     <span class='ocr_line' id='line_1_2' title="bbox 214 585 1401 672; baseline 0.003 -21"><span class='ocrx_word' id='word_1_2' title='bbox 214 586 389 652; x_wconf 87' lang='lat' dir='ltr'>sententias</span> <span class='ocrx_word' id='word_1_3' title='bbox 413 608 479 651; x_wconf 90' lang='lat' dir='ltr'>non</span> <span class='ocrx_word' id='word_1_4' title='bbox 503 586 605 653; x_wconf 90' lang='lat' dir='ltr'>solum</span> <span class='ocrx_word' id='word_1_5' title='bbox 630 608 701 652; x_wconf 91' lang='lat' dir='ltr'>cum</span> <span class='ocrx_word' id='word_1_6' title='bbox 724 586 908 672; x_wconf 84' lang='lat' dir='ltr'>philosophi</span> <span class='ocrx_word' id='word_1_7' title='bbox 927 585 1121 655; x_wconf 71' lang='lat' dir='ltr'>Clazomenii</span> <span class='ocrx_word' id='word_1_8' title='bbox 1139 592 1194 655; x_wconf 88' lang='lat' dir='ltr'>sed</span> <span class='ocrx_word' id='word_1_9' title='bbox 1213 589 1310 655; x_wconf 88' lang='lat' dir='ltr'>etiam</span> <span class='ocrx_word' id='word_1_10' title='bbox 1329 612 1401 654; x_wconf 90' lang='lat' dir='ltr'>cum</span> 
     </span>
     <span class='ocr_line' id='line_1_3' title="bbox 213 693 1078 779; baseline 0.001 -21"><span class='ocrx_word' id='word_1_11' title='bbox 213 694 347 759; x_wconf 88' lang='lat' dir='ltr'>aliorum</span> <span class='ocrx_word' id='word_1_12' title='bbox 370 693 511 759; x_wconf 83' lang='lat' dir='ltr'>virorum</span> <span class='ocrx_word' id='word_1_13' title='bbox 534 694 705 760; x_wconf 68' lang='lat' dir='ltr'><strong>illustrium</strong></span> <span class='ocrx_word' id='word_1_14' title='bbox 729 694 855 778; x_wconf 90' lang='lat' dir='ltr'>placitis</span> <span class='ocrx_word' id='word_1_15' title='bbox 877 714 1078 779; x_wconf 87' lang='lat' dir='ltr'>componere.</span> 
     </span>
    </p>

    <p class='ocr_par' dir='ltr' id='par_1_3' title="bbox 212 800 1403 1417">
     <span class='ocr_line' id='line_1_4' title="bbox 257 800 1403 885; baseline 0.003 -21"><span class='ocrx_word' id='word_1_16' title='bbox 257 800 441 885; x_wconf 80' lang='lat' dir='ltr'>Euripidem</span> <span class='ocrx_word' id='word_1_17' title='bbox 476 801 580 885; x_wconf 90' lang='lat' dir='ltr'>ipsum</span> <span class='ocrx_word' id='word_1_18' title='bbox 612 821 679 865; x_wconf 91' lang='lat' dir='ltr'>non</span> <span class='ocrx_word' id='word_1_19' title='bbox 707 801 839 866; x_wconf 79' lang='lat' dir='ltr'>obscure</span> <span class='ocrx_word' id='word_1_20' title='bbox 870 823 927 865; x_wconf 90' lang='lat' dir='ltr'>sua</span> <span class='ocrx_word' id='word_1_21' title='bbox 957 801 1063 867; x_wconf 90' lang='lat' dir='ltr'>studia</span> <span class='ocrx_word' id='word_1_22' title='bbox 1093 805 1131 867; x_wconf 90' lang='lat' dir='ltr'>de</span> <span class='ocrx_word' id='word_1_23' title='bbox 1158 824 1261 867; x_wconf 90' lang='lat' dir='ltr'>rerum</span> <span class='ocrx_word' id='word_1_24' title='bbox 1287 805 1403 867; x_wconf 87' lang='lat' dir='ltr'>natura</span> 
     </span>
     <span class='ocr_line' id='line_1_5' title="bbox 212 907 1403 994; baseline 0 -21"><span class='ocrx_word' id='word_1_25' title='bbox 212 907 407 992; x_wconf 87' lang='lat' dir='ltr'>significasse</span> <span class='ocrx_word' id='word_1_26' title='bbox 438 929 534 992; x_wconf 88' lang='lat' dir='ltr'>supra</span> <span class='ocrx_word' id='word_1_27' title='bbox 560 908 628 992; x_wconf 88' lang='lat' dir='ltr'>jam</span> <span class='ocrx_word' id='word_1_28' title='bbox 657 907 809 985; x_wconf 78' lang='lat' dir='ltr'>vidimus,</span> <span class='ocrx_word' id='word_1_29' title='bbox 844 908 899 972; x_wconf 89' lang='lat' dir='ltr'>sed</span> <span class='ocrx_word' id='word_1_30' title='bbox 922 911 969 971; x_wconf 89' lang='lat' dir='ltr'>est</span> <span class='ocrx_word' id='word_1_31' title='bbox 997 908 1060 971; x_wconf 88' lang='lat' dir='ltr'>alia</span> <span class='ocrx_word' id='word_1_32' title='bbox 1081 930 1131 973; x_wconf 87' lang='lat' dir='ltr'>res</span> <span class='ocrx_word' id='word_1_33' title='bbox 1155 909 1192 973; x_wconf 92' lang='lat' dir='ltr'>de</span> <span class='ocrx_word' id='word_1_34' title='bbox 1214 929 1278 993; x_wconf 90' lang='lat' dir='ltr'>qua</span> <span class='ocrx_word' id='word_1_35' title='bbox 1301 930 1403 994; x_wconf 88' lang='lat' dir='ltr'>pauca</span> 
     </span>
     <span class='ocr_line' id='line_1_6' title="bbox 213 1012 1403 1099; baseline 0.003 -23"><span class='ocrx_word' id='word_1_36' title='bbox 213 1013 347 1077; x_wconf 88' lang='lat' dir='ltr'>dicenda</span> <span class='ocrx_word' id='word_1_37' title='bbox 370 1016 455 1078; x_wconf 89' lang='lat' dir='ltr'>sunt.</span> <span class='ocrx_word' id='word_1_38' title='bbox 479 1012 669 1098; x_wconf 81' lang='lat' dir='ltr'>Plerumque</span> <span class='ocrx_word' id='word_1_39' title='bbox 693 1012 874 1097; x_wconf 87' lang='lat' dir='ltr'>fragmenta</span> <span class='ocrx_word' id='word_1_40' title='bbox 899 1013 992 1077; x_wconf 91' lang='lat' dir='ltr'>nobis</span> <span class='ocrx_word' id='word_1_41' title='bbox 1014 1014 1181 1080; x_wconf 86' lang='lat' dir='ltr'>tractanda</span> <span class='ocrx_word' id='word_1_42' title='bbox 1203 1018 1313 1093; x_wconf 89' lang='lat' dir='ltr'>erunt,</span> <span class='ocrx_word' id='word_1_43' title='bbox 1327 1016 1403 1099; x_wconf 84' lang='lat' dir='ltr'>quia</span> 
     </span>
     <span class='ocr_line' id='line_1_7' title="bbox 213 1119 1402 1204; baseline 0.001 -21"><span class='ocrx_word' id='word_1_44' title='bbox 213 1119 315 1183; x_wconf 90' lang='lat' dir='ltr'>multo</span> <span class='ocrx_word' id='word_1_45' title='bbox 335 1120 435 1184; x_wconf 88' lang='lat' dir='ltr'>maior</span> <span class='ocrx_word' id='word_1_46' title='bbox 452 1120 687 1204; x_wconf 88' lang='lat' dir='ltr'>tragoediarum</span> <span class='ocrx_word' id='word_1_47' title='bbox 711 1140 861 1184; x_wconf 88' lang='lat' dir='ltr'>numerus</span> <span class='ocrx_word' id='word_1_48' title='bbox 880 1141 976 1203; x_wconf 88' lang='lat' dir='ltr'>quam</span> <span class='ocrx_word' id='word_1_49' title='bbox 993 1123 1129 1185; x_wconf 89' lang='lat' dir='ltr'>aetatem</span> <span class='ocrx_word' id='word_1_50' title='bbox 1141 1119 1216 1186; x_wconf 90' lang='lat' dir='ltr'>tulit</span> <span class='ocrx_word' id='word_1_51' title='bbox 1224 1121 1357 1198; x_wconf 89' lang='lat' dir='ltr'>interiit,</span> <span class='ocrx_word' id='word_1_52' title='bbox 1369 1124 1402 1185; x_wconf 90' lang='lat' dir='ltr'>et</span> 
     </span>
     <span class='ocr_line' id='line_1_8' title="bbox 215 1225 1401 1312; baseline 0.003 -22"><span class='ocrx_word' id='word_1_53' title='bbox 215 1246 253 1290; x_wconf 86' lang='lat' dir='ltr'>ex</span> <span class='ocrx_word' id='word_1_54' title='bbox 276 1226 325 1290; x_wconf 90' lang='lat' dir='ltr'>his</span> <span class='ocrx_word' id='word_1_55' title='bbox 348 1248 403 1307; x_wconf 84' lang='lat' dir='ltr'>eae</span> <span class='ocrx_word' id='word_1_56' title='bbox 426 1226 609 1312; x_wconf 86' lang='lat' dir='ltr'>praesertim</span> <span class='ocrx_word' id='word_1_57' title='bbox 635 1226 812 1291; x_wconf 87' lang='lat' dir='ltr'>sententiae</span> <span class='ocrx_word' id='word_1_58' title='bbox 835 1248 917 1311; x_wconf 90' lang='lat' dir='ltr'>quae</span> <span class='ocrx_word' id='word_1_59' title='bbox 940 1227 981 1291; x_wconf 91' lang='lat' dir='ltr'>ad</span> <span class='ocrx_word' id='word_1_60' title='bbox 1004 1225 1237 1312; x_wconf 83' lang='lat' dir='ltr'><strong>philosophiam</strong></span> <span class='ocrx_word' id='word_1_61' title='bbox 1261 1228 1401 1312; x_wconf 88' lang='lat' dir='ltr'>pertine·</span> 
     </span>
     <span class='ocr_line' id='line_1_9' title="bbox 212 1333 999 1417; baseline 0.004 -22"><span class='ocrx_word' id='word_1_62' title='bbox 212 1336 286 1397; x_wconf 91' lang='lat' dir='ltr'>rent</span> <span class='ocrx_word' id='word_1_63' title='bbox 309 1336 475 1416; x_wconf 85' lang='lat' dir='ltr'>excerptae</span> <span class='ocrx_word' id='word_1_64' title='bbox 497 1335 530 1397; x_wconf 90' lang='lat' dir='ltr'>et</span> <span class='ocrx_word' id='word_1_65' title='bbox 551 1333 731 1417; x_wconf 88' lang='lat' dir='ltr'>posteritati</span> <span class='ocrx_word' id='word_1_66' title='bbox 754 1333 891 1397; x_wconf 75' lang='lat' dir='ltr'>traditae</span> <span class='ocrx_word' id='word_1_67' title='bbox 913 1335 999 1399; x_wconf 89' lang='lat' dir='ltr'>sunt.</span> 
     </span>
    </p>

    <p class='ocr_par' dir='ltr' id='par_1_4' title="bbox 212 1437 1404 2693">
     <span class='ocr_line' id='line_1_10' title="bbox 258 1437 1403 1524; baseline 0.002 -22"><span class='ocrx_word' id='word_1_68' title='bbox 258 1438 423 1502; x_wconf 90' lang='lat' dir='ltr'>Prooemio</span> <span class='ocrx_word' id='word_1_69' title='bbox 447 1441 552 1503; x_wconf 90' lang='lat' dir='ltr'>autern</span> <span class='ocrx_word' id='word_1_70' title='bbox 579 1439 689 1503; x_wconf 91' lang='lat' dir='ltr'>monui</span> <span class='ocrx_word' id='word_1_71' title='bbox 712 1437 861 1503; x_wconf 79' lang='lat' dir='ltr'>facillime</span> <span class='ocrx_word' id='word_1_72' title='bbox 882 1438 918 1502; x_wconf 92' lang='lat' dir='ltr'>in</span> <span class='ocrx_word' id='word_1_73' title='bbox 942 1460 1062 1504; x_wconf 88' lang='lat' dir='ltr'>errores</span> <span class='ocrx_word' id='word_1_74' title='bbox 1085 1442 1200 1504; x_wconf 87' lang='lat' dir='ltr'>ducere</span> <span class='ocrx_word' id='word_1_75' title='bbox 1217 1460 1311 1524; x_wconf 90' lang='lat' dir='ltr'>posse</span> <span class='ocrx_word' id='word_1_76' title='bbox 1329 1461 1403 1504; x_wconf 89' lang='lat' dir='ltr'>sen-</span> 
     </span>
     <span class='ocr_line' id='line_1_11' title="bbox 213 1544 1400 1631; baseline 0 -21"><span class='ocrx_word' id='word_1_77' title='bbox 213 1544 331 1610; x_wconf 89' lang='lat' dir='ltr'>tentias</span> <span class='ocrx_word' id='word_1_78' title='bbox 351 1548 534 1631; x_wconf 71' lang='lat' dir='ltr'>excerptas,</span> <span class='ocrx_word' id='word_1_79' title='bbox 554 1545 625 1630; x_wconf 89' lang='lat' dir='ltr'>quis</span> <span class='ocrx_word' id='word_1_80' title='bbox 644 1546 728 1609; x_wconf 89' lang='lat' dir='ltr'>euim</span> <span class='ocrx_word' id='word_1_81' title='bbox 751 1545 883 1622; x_wconf 86' lang='lat' dir='ltr'>dixerit,</span> <span class='ocrx_word' id='word_1_82' title='bbox 904 1566 968 1628; x_wconf 92' lang='lat' dir='ltr'>qua</span> <span class='ocrx_word' id='word_1_83' title='bbox 989 1548 1114 1622; x_wconf 88' lang='lat' dir='ltr'>mente,</span> <span class='ocrx_word' id='word_1_84' title='bbox 1138 1567 1201 1629; x_wconf 90' lang='lat' dir='ltr'>qua</span> <span class='ocrx_word' id='word_1_85' title='bbox 1219 1546 1400 1623; x_wconf 79' lang='lat' dir='ltr'>occasione,</span> 
     </span>
     <span class='ocr_line' id='line_1_12' title="bbox 213 1651 1402 1737; baseline 0 -22"><span class='ocrx_word' id='word_1_86' title='bbox 213 1652 398 1736; x_wconf 89' lang='lat' dir='ltr'>plerumque</span> <span class='ocrx_word' id='word_1_87' title='bbox 427 1653 622 1737; x_wconf 90' lang='lat' dir='ltr'>ignoramus.</span> <span class='ocrx_word' id='word_1_88' title='bbox 654 1651 703 1717; x_wconf 91' lang='lat' dir='ltr'>Ne</span> <span class='ocrx_word' id='word_1_89' title='bbox 734 1652 835 1736; x_wconf 87' lang='lat' dir='ltr'>igitur</span> <span class='ocrx_word' id='word_1_90' title='bbox 857 1673 944 1716; x_wconf 88' lang='lat' dir='ltr'>meae</span> <span class='ocrx_word' id='word_1_91' title='bbox 966 1651 1066 1736; x_wconf 89' lang='lat' dir='ltr'>ipsius</span> <span class='ocrx_word' id='word_1_92' title='bbox 1089 1652 1319 1717; x_wconf 79' lang='lat' dir='ltr'>observationis</span> <span class='ocrx_word' id='word_1_93' title='bbox 1340 1652 1402 1715; x_wconf 91' lang='lat' dir='ltr'>im·</span> 
     </span>
     <span class='ocr_line' id='line_1_13' title="bbox 214 1757 1403 1835; baseline 0.001 -15"><span class='ocrx_word' id='word_1_94' title='bbox 214 1772 336 1821; x_wconf 85' lang='lat' dir='ltr'>memor</span> <span class='ocrx_word' id='word_1_95' title='bbox 358 1758 507 1822; x_wconf 85' lang='lat' dir='ltr'>audacius</span> <span class='ocrx_word' id='word_1_96' title='bbox 530 1758 565 1822; x_wconf 90' lang='lat' dir='ltr'>in</span> <span class='ocrx_word' id='word_1_97' title='bbox 588 1758 682 1823; x_wconf 91' lang='lat' dir='ltr'>rebus</span> <span class='ocrx_word' id='word_1_98' title='bbox 706 1757 848 1822; x_wconf 86' lang='lat' dir='ltr'>obscuris</span> <span class='ocrx_word' id='word_1_99' title='bbox 872 1758 990 1822; x_wconf 86' lang='lat' dir='ltr'>versari</span> <span class='ocrx_word' id='word_1_100' title='bbox 1014 1758 1133 1835; x_wconf 84' lang='lat' dir='ltr'>videar,</span> <span class='ocrx_word' id='word_1_101' title='bbox 1157 1758 1219 1823; x_wconf 90' lang='lat' dir='ltr'>hoc</span> <span class='ocrx_word' id='word_1_102' title='bbox 1237 1757 1403 1822; x_wconf 90' lang='lat' dir='ltr'>loooiudi-</span> 
     </span>
     <span class='ocr_line' id='line_1_14' title="bbox 214 1863 1403 1949; baseline -0.002 -20"><span class='ocrx_word' id='word_1_103' title='bbox 214 1864 350 1929; x_wconf 84' lang='lat' dir='ltr'>candum</span> <span class='ocrx_word' id='word_1_104' title='bbox 380 1867 429 1929; x_wconf 88' lang='lat' dir='ltr'>eet</span> <span class='ocrx_word' id='word_1_105' title='bbox 454 1865 507 1929; x_wconf 83' lang='lat' dir='ltr'>vix</span> <span class='ocrx_word' id='word_1_106' title='bbox 538 1864 637 1929; x_wconf 88' lang='lat' dir='ltr'>ullum</span> <span class='ocrx_word' id='word_1_107' title='bbox 669 1864 823 1929; x_wconf 89' lang='lat' dir='ltr'>eiusmodi</span> <span class='ocrx_word' id='word_1_108' title='bbox 854 1863 1028 1949; x_wconf 89' lang='lat' dir='ltr'>periculum</span> <span class='ocrx_word' id='word_1_109' title='bbox 1061 1864 1164 1928; x_wconf 87' lang='lat' dir='ltr'>inesse</span> <span class='ocrx_word' id='word_1_110' title='bbox 1194 1864 1229 1928; x_wconf 91' lang='lat' dir='ltr'>in</span> <span class='ocrx_word' id='word_1_111' title='bbox 1260 1863 1310 1927; x_wconf 91' lang='lat' dir='ltr'>his</span> <span class='ocrx_word' id='word_1_112' title='bbox 1333 1864 1403 1947; x_wconf 87' lang='lat' dir='ltr'>pla-</span> 
     </span>
     <span class='ocr_line' id='line_1_15' title="bbox 214 1969 1404 2054; baseline 0 -20"><span class='ocrx_word' id='word_1_113' title='bbox 214 1969 283 2034; x_wconf 90' lang='lat' dir='ltr'>citis</span> <span class='ocrx_word' id='word_1_114' title='bbox 308 1972 347 2033; x_wconf 94' lang='lat' dir='ltr'>de</span> <span class='ocrx_word' id='word_1_115' title='bbox 369 1992 474 2035; x_wconf 88' lang='lat' dir='ltr'>rerum</span> <span class='ocrx_word' id='word_1_116' title='bbox 494 1973 618 2035; x_wconf 88' lang='lat' dir='ltr'>natura.</span> <span class='ocrx_word' id='word_1_117' title='bbox 638 1969 730 2034; x_wconf 79' lang='lat' dir='ltr'>Talia</span> <span class='ocrx_word' id='word_1_118' title='bbox 747 1970 833 2034; x_wconf 89' lang='lat' dir='ltr'>euim</span> <span class='ocrx_word' id='word_1_119' title='bbox 852 1969 1003 2054; x_wconf 89' lang='lat' dir='ltr'>quoniam</span> <span class='ocrx_word' id='word_1_120' title='bbox 1025 1991 1097 2034; x_wconf 89' lang='lat' dir='ltr'>cum</span> <span class='ocrx_word' id='word_1_121' title='bbox 1116 1969 1295 2054; x_wconf 86' lang='lat' dir='ltr'>iisquaein</span> <span class='ocrx_word' id='word_1_122' title='bbox 1308 1991 1404 2034; x_wconf 91' lang='lat' dir='ltr'>scena</span> 
     </span>
     <span class='ocr_line' id='line_1_16' title="bbox 214 2075 1403 2161; baseline 0.002 -22"><span class='ocrx_word' id='word_1_123' title='bbox 214 2078 355 2160; x_wconf 88' lang='lat' dir='ltr'>aguntur</span> <span class='ocrx_word' id='word_1_124' title='bbox 386 2099 497 2161; x_wconf 89' lang='lat' dir='ltr'>parum</span> <span class='ocrx_word' id='word_1_125' title='bbox 528 2076 717 2154; x_wconf 73' lang='lat' dir='ltr'>cohaerent,</span> <span class='ocrx_word' id='word_1_126' title='bbox 749 2076 803 2141; x_wconf 84' lang='lat' dir='ltr'>vix</span> <span class='ocrx_word' id='word_1_127' title='bbox 832 2075 929 2139; x_wconf 88' lang='lat' dir='ltr'>refert</span> <span class='ocrx_word' id='word_1_128' title='bbox 951 2079 1056 2140; x_wconf 89' lang='lat' dir='ltr'>utrum</span> <span class='ocrx_word' id='word_1_129' title='bbox 1079 2075 1207 2141; x_wconf 86' lang='lat' dir='ltr'>fabulae</span> <span class='ocrx_word' id='word_1_130' title='bbox 1229 2076 1403 2141; x_wconf 87' lang='lat' dir='ltr'>intertexta</span> 
     </span>
     <span class='ocr_line' id='line_1_17' title="bbox 214 2182 1402 2267; baseline 0.001 -22"><span class='ocrx_word' id='word_1_131' title='bbox 214 2203 255 2246; x_wconf 91' lang='lat' dir='ltr'>an</span> <span class='ocrx_word' id='word_1_132' title='bbox 280 2183 447 2267; x_wconf 89' lang='lat' dir='ltr'>separatim</span> <span class='ocrx_word' id='word_1_133' title='bbox 471 2186 618 2267; x_wconf 87' lang='lat' dir='ltr'>excerpta</span> <span class='ocrx_word' id='word_1_134' title='bbox 640 2182 806 2266; x_wconf 82' lang='lat' dir='ltr'>legantnr3</span> <span class='ocrx_word' id='word_1_135' title='bbox 831 2182 1001 2265; x_wconf 90' lang='lat' dir='ltr'>eademque</span> <span class='ocrx_word' id='word_1_136' title='bbox 1024 2184 1063 2246; x_wconf 90' lang='lat' dir='ltr'>de</span> <span class='ocrx_word' id='word_1_137' title='bbox 1086 2203 1181 2247; x_wconf 89' lang='lat' dir='ltr'>causa</span> <span class='ocrx_word' id='word_1_138' title='bbox 1205 2203 1269 2247; x_wconf 91' lang='lat' dir='ltr'>non</span> <span class='ocrx_word' id='word_1_139' title='bbox 1291 2203 1402 2247; x_wconf 85' lang='lat' dir='ltr'>veren-</span> 
     </span>
     <span class='ocr_line' id='line_1_18' title="bbox 214 2277 1404 2374; baseline 0.002 -24"><span class='ocrx_word' id='word_1_140' title='bbox 214 2287 289 2351; x_wconf 92' lang='lat' dir='ltr'>dum</span> <span class='ocrx_word' id='word_1_141' title='bbox 325 2286 372 2352; x_wconf 86' lang='lat' dir='ltr'>est</span> <span class='ocrx_word' id='word_1_142' title='bbox 407 2311 447 2354; x_wconf 90' lang='lat' dir='ltr'>ne</span> <span class='ocrx_word' id='word_1_143' title='bbox 477 2311 547 2354; x_wconf 90' lang='lat' dir='ltr'>oum</span> <span class='ocrx_word' id='word_1_144' title='bbox 579 2292 691 2374; x_wconf 88' lang='lat' dir='ltr'>poetae</span> <span class='ocrx_word' id='word_1_145' title='bbox 721 2288 822 2373; x_wconf 88' lang='lat' dir='ltr'>ipsius</span> <span class='ocrx_word' id='word_1_146' title='bbox 846 2277 997 2373; x_wconf 87' lang='lat' dir='ltr'>opinione</span> <span class='ocrx_word' id='word_1_147' title='bbox 1024 2292 1179 2373; x_wconf 87' lang='lat' dir='ltr'>pugnent.</span> <span class='ocrx_word' id='word_1_148' title='bbox 1216 2287 1281 2353; x_wconf 90' lang='lat' dir='ltr'>Ubi</span> <span class='ocrx_word' id='word_1_149' title='bbox 1304 2288 1404 2373; x_wconf 88' lang='lat' dir='ltr'>igitur</span> 
     </span>
     <span class='ocr_line' id='line_1_19' title="bbox 212 2393 1402 2481; baseline 0.002 -24"><span class='ocrx_word' id='word_1_150' title='bbox 212 2393 395 2478; x_wconf 76' lang='lat' dir='ltr'>fragmenta</span> <span class='ocrx_word' id='word_1_151' title='bbox 423 2395 620 2481; x_wconf 89' lang='lat' dir='ltr'>perspicuam</span> <span class='ocrx_word' id='word_1_152' title='bbox 655 2394 819 2459; x_wconf 85' lang='lat' dir='ltr'>exhibent·</span> <span class='ocrx_word' id='word_1_153' title='bbox 840 2394 1049 2472; x_wconf 89' lang='lat' dir='ltr'>sententiam,</span> <span class='ocrx_word' id='word_1_154' title='bbox 1073 2395 1173 2459; x_wconf 87' lang='lat' dir='ltr'>securi</span> <span class='ocrx_word' id='word_1_155' title='bbox 1195 2394 1234 2459; x_wconf 92' lang='lat' dir='ltr'>iis</span> <span class='ocrx_word' id='word_1_156' title='bbox 1257 2394 1305 2459; x_wconf 90' lang='lat' dir='ltr'>uti</span> <span class='ocrx_word' id='word_1_157' title='bbox 1328 2416 1402 2480; x_wconf 88' lang='lat' dir='ltr'>pos·</span> 
     </span>
     <span class='ocr_line' id='line_1_20' title="bbox 213 2500 1401 2577; baseline 0.002 -14"><span class='ocrx_word' id='word_1_158' title='bbox 213 2520 339 2574; x_wconf 79' lang='lat' dir='ltr'>sumus3</span> <span class='ocrx_word' id='word_1_159' title='bbox 364 2501 418 2565; x_wconf 90' lang='lat' dir='ltr'>ubi</span> <span class='ocrx_word' id='word_1_160' title='bbox 443 2522 516 2565; x_wconf 90' lang='lat' dir='ltr'>vero</span> <span class='ocrx_word' id='word_1_161' title='bbox 536 2502 571 2565; x_wconf 92' lang='lat' dir='ltr'>in</span> <span class='ocrx_word' id='word_1_162' title='bbox 590 2502 684 2566; x_wconf 90' lang='lat' dir='ltr'>rebus</span> <span class='ocrx_word' id='word_1_163' title='bbox 705 2500 809 2565; x_wconf 91' lang='lat' dir='ltr'>dubiis</span> <span class='ocrx_word' id='word_1_164' title='bbox 833 2521 1010 2577; x_wconf 84' lang='lat' dir='ltr'>versamur,</span> <span class='ocrx_word' id='word_1_165' title='bbox 1037 2500 1216 2566; x_wconf 89' lang='lat' dir='ltr'>cautissime</span> <span class='ocrx_word' id='word_1_166' title='bbox 1239 2501 1273 2565; x_wconf 90' lang='lat' dir='ltr'>in</span> <span class='ocrx_word' id='word_1_167' title='bbox 1294 2522 1401 2565; x_wconf 88' lang='lat' dir='ltr'>eorum</span> 
     </span>
     <span class='ocr_line' id='line_1_21' title="bbox 212 2606 1186 2693; baseline 0.001 -23"><span class='ocrx_word' id='word_1_168' title='bbox 212 2606 475 2691; x_wconf 86' lang='lat' dir='ltr'>interpretatione</span> <span class='ocrx_word' id='word_1_169' title='bbox 497 2609 732 2693; x_wconf 85' lang='lat' dir='ltr'>procedendum</span> <span class='ocrx_word' id='word_1_170' title='bbox 756 2629 824 2672; x_wconf 89' lang='lat' dir='ltr'>esse</span> <span class='ocrx_word' id='word_1_171' title='bbox 848 2629 905 2691; x_wconf 88' lang='lat' dir='ltr'>per</span> <span class='ocrx_word' id='word_1_172' title='bbox 928 2628 961 2671; x_wconf 90' lang='lat' dir='ltr'>se</span> <span class='ocrx_word' id='word_1_173' title='bbox 984 2606 1186 2692; x_wconf 83' lang='lat' dir='ltr'>intelligitur.</span> 
     </span>
    </p>

    <p class='ocr_par' dir='ltr' id='par_1_5' title="bbox 189 2711 1403 3329">
     <span class='ocr_line' id='line_1_22' title="bbox 258 2711 1402 2798; baseline 0.002 -22"><span class='ocrx_word' id='word_1_174' title='bbox 258 2711 416 2788; x_wconf 81' lang='lat' dir='ltr'>Quoniam</span> <span class='ocrx_word' id='word_1_175' title='bbox 445 2714 548 2779; x_wconf 84' lang='lat' dir='ltr'>varias</span> <span class='ocrx_word' id='word_1_176' title='bbox 571 2714 746 2779; x_wconf 86' lang='lat' dir='ltr'>sententias</span> <span class='ocrx_word' id='word_1_177' title='bbox 769 2713 968 2778; x_wconf 87' lang='lat' dir='ltr'>inveniemus</span> <span class='ocrx_word' id='word_1_178' title='bbox 992 2714 1033 2777; x_wconf 93' lang='lat' dir='ltr'>ad</span> <span class='ocrx_word' id='word_1_179' title='bbox 1056 2716 1188 2778; x_wconf 87' lang='lat' dir='ltr'>eandem</span> <span class='ocrx_word' id='word_1_180' title='bbox 1211 2735 1278 2778; x_wconf 89' lang='lat' dir='ltr'>rem</span> <span class='ocrx_word' id='word_1_181' title='bbox 1303 2714 1402 2798; x_wconf 87' lang='lat' dir='ltr'>perti-</span> 
     </span>
     <span class='ocr_line' id='line_1_23' title="bbox 213 2820 1403 2905; baseline 0.001 -23"><span class='ocrx_word' id='word_1_182' title='bbox 213 2823 344 2896; x_wconf 86' lang='lat' dir='ltr'>nentes,</span> <span class='ocrx_word' id='word_1_183' title='bbox 376 2824 452 2904; x_wconf 89' lang='lat' dir='ltr'>peto</span> <span class='ocrx_word' id='word_1_184' title='bbox 482 2824 517 2885; x_wconf 89' lang='lat' dir='ltr'>ut</span> <span class='ocrx_word' id='word_1_185' title='bbox 544 2821 623 2885; x_wconf 90' lang='lat' dir='ltr'>mibi</span> <span class='ocrx_word' id='word_1_186' title='bbox 646 2821 839 2886; x_wconf 87' lang='lat' dir='ltr'>concedatur</span> <span class='ocrx_word' id='word_1_187' title='bbox 862 2820 1007 2905; x_wconf 88' lang='lat' dir='ltr'>neglecto</span> <span class='ocrx_word' id='word_1_188' title='bbox 1032 2820 1267 2904; x_wconf 85' lang='lat' dir='ltr'>tragoediarum</span> <span class='ocrx_word' id='word_1_189' title='bbox 1293 2842 1403 2905; x_wconf 87' lang='lat' dir='ltr'>super-</span> 
     </span>
     <span class='ocr_line' id='line_1_24' title="bbox 213 2924 1403 3011; baseline 0 -22"><span class='ocrx_word' id='word_1_190' title='bbox 213 2925 326 2989; x_wconf 91' lang='lat' dir='ltr'>stitum</span> <span class='ocrx_word' id='word_1_191' title='bbox 361 2926 411 2991; x_wconf 86' lang='lat' dir='ltr'>vel</span> <span class='ocrx_word' id='word_1_192' title='bbox 446 2925 698 3011; x_wconf 83' lang='lat' dir='ltr'>fragmentorum</span> <span class='ocrx_word' id='word_1_193' title='bbox 730 2926 844 2991; x_wconf 88' lang='lat' dir='ltr'>ordine</span> <span class='ocrx_word' id='word_1_194' title='bbox 873 2926 1022 3010; x_wconf 86' lang='lat' dir='ltr'>protinus</span> <span class='ocrx_word' id='word_1_195' title='bbox 1052 2946 1089 2989; x_wconf 90' lang='lat' dir='ltr'>ea</span> <span class='ocrx_word' id='word_1_196' title='bbox 1119 2924 1237 3009; x_wconf 90' lang='lat' dir='ltr'>placita</span> <span class='ocrx_word' id='word_1_197' title='bbox 1271 2926 1403 3010; x_wconf 81' lang='lat' dir='ltr'>aggredi</span> 
     </span>
     <span class='ocr_line' id='line_1_25' title="bbox 189 3030 1400 3115; baseline 0 -21"><span class='ocrx_word' id='word_1_198' title='bbox 189 3053 295 3115; x_wconf 87' lang='lat' dir='ltr'>.quae</span> <span class='ocrx_word' id='word_1_199' title='bbox 325 3032 454 3096; x_wconf 86' lang='lat' dir='ltr'>maximi</span> <span class='ocrx_word' id='word_1_200' title='bbox 484 3038 560 3097; x_wconf 91' lang='lat' dir='ltr'>sunt</span> <span class='ocrx_word' id='word_1_201' title='bbox 584 3033 753 3109; x_wconf 89' lang='lat' dir='ltr'>momenti,</span> <span class='ocrx_word' id='word_1_202' title='bbox 774 3032 849 3096; x_wconf 88' lang='lat' dir='ltr'>inde</span> <span class='ocrx_word' id='word_1_203' title='bbox 877 3032 917 3095; x_wconf 90' lang='lat' dir='ltr'>ad</span> <span class='ocrx_word' id='word_1_204' title='bbox 940 3030 1059 3095; x_wconf 86' lang='lat' dir='ltr'>leviora</span> <span class='ocrx_word' id='word_1_205' title='bbox 1081 3032 1227 3096; x_wconf 87' lang='lat' dir='ltr'>transire.</span> <span class='ocrx_word' id='word_1_206' title='bbox 1258 3031 1400 3095; x_wconf 88' lang='lat' dir='ltr'>Primum</span> 
     </span>
     <span class='ocr_line' id='line_1_26' title="bbox 213 3124 1401 3223; baseline 0 -23"><span class='ocrx_word' id='word_1_207' title='bbox 213 3142 319 3202; x_wconf 89' lang='lat' dir='ltr'>autem</span> <span class='ocrx_word' id='word_1_208' title='bbox 337 3124 487 3204; x_wconf 44' lang='lat' dir='ltr'>&#39;tractabo</span> <span class='ocrx_word' id='word_1_209' title='bbox 510 3159 628 3223; x_wconf 87' lang='lat' dir='ltr'>paucos</span> <span class='ocrx_word' id='word_1_210' title='bbox 653 3128 761 3203; x_wconf 80' lang='lat' dir='ltr'>versus</span> <span class='ocrx_word' id='word_1_211' title='bbox 784 3158 864 3222; x_wconf 90' lang='lat' dir='ltr'>quos</span> <span class='ocrx_word' id='word_1_212' title='bbox 883 3137 1065 3202; x_wconf 85' lang='lat' dir='ltr'>universam</span> <span class='ocrx_word' id='word_1_213' title='bbox 1088 3136 1249 3221; x_wconf 83' lang='lat' dir='ltr'>Euripidis</span> <span class='ocrx_word' id='word_1_214' title='bbox 1260 3135 1401 3222; x_wconf 91' lang='lat' dir='ltr'>philoso-</span> 
     </span>
     <span class='ocr_line' id='line_1_27' title="bbox 212 3242 1270 3329; baseline 0.002 -22"><span class='ocrx_word' id='word_1_215' title='bbox 212 3243 307 3328; x_wconf 89' lang='lat' dir='ltr'>phiae</span> <span class='ocrx_word' id='word_1_216' title='bbox 329 3246 483 3310; x_wconf 88' lang='lat' dir='ltr'>naturalis</span> <span class='ocrx_word' id='word_1_217' title='bbox 505 3245 663 3310; x_wconf 88' lang='lat' dir='ltr'>rationem</span> <span class='ocrx_word' id='word_1_218' title='bbox 687 3248 828 3329; x_wconf 86' lang='lat' dir='ltr'>spectare</span> <span class='ocrx_word' id='word_1_219' title='bbox 852 3242 1100 3308; x_wconf 87' lang='lat' dir='ltr'>Valckenaerius</span> <span class='ocrx_word' id='word_1_220' title='bbox 1123 3243 1270 3327; x_wconf 89' lang='lat' dir='ltr'>conjecit.</span> 
     </span>
    </p>

    <p class='ocr_par' dir='ltr' id='par_1_6' title="bbox 211 3347 1401 3543">
     <span class='ocr_line' id='line_1_28' title="bbox 257 3347 1401 3435; baseline -0.003 -20"><span class='ocrx_word' id='word_1_221' title='bbox 257 3348 403 3415; x_wconf 75' lang='lat' dir='ltr'>Clemens</span> <span class='ocrx_word' id='word_1_222' title='bbox 427 3351 520 3417; x_wconf 86' lang='lat' dir='ltr'>Alex.</span> <span class='ocrx_word' id='word_1_223' title='bbox 547 3350 675 3433; x_wconf 82' lang='lat' dir='ltr'>(Strom.</span> <span class='ocrx_word' id='word_1_224' title='bbox 701 3350 741 3417; x_wconf 87' lang='lat' dir='ltr'>V.</span> <span class='ocrx_word' id='word_1_225' title='bbox 766 3373 796 3434; x_wconf 87' lang='lat' dir='ltr'>p.</span> <span class='ocrx_word' id='word_1_226' title='bbox 823 3350 901 3435; x_wconf 84' lang='lat'><strong>732)</strong></span> <span class='ocrx_word' id='word_1_227' title='bbox 924 3372 964 3414; x_wconf 87' lang='lat' dir='ltr'>ex</span> <span class='ocrx_word' id='word_1_228' title='bbox 986 3350 1107 3414; x_wconf 88' lang='lat' dir='ltr'>incerta</span> <span class='ocrx_word' id='word_1_229' title='bbox 1126 3347 1290 3433; x_wconf 88' lang='lat' dir='ltr'>tragoedia</span> <span class='ocrx_word' id='word_1_230' title='bbox 1310 3347 1401 3412; x_wconf 91' lang='lat' dir='ltr'>nobis</span> 
     </span>
     <span class='ocr_line' id='line_1_29' title="bbox 211 3457 813 3543; baseline -0.003 -22"><span class='ocrx_word' id='word_1_231' title='bbox 211 3457 350 3522; x_wconf 83' lang='lat' dir='ltr'>servavit</span> <span class='ocrx_word' id='word_1_232' title='bbox 373 3457 434 3522; x_wconf 88' lang='lat' dir='ltr'>hoc</span> <span class='ocrx_word' id='word_1_233' title='bbox 456 3458 675 3543; x_wconf 86' lang='lat' dir='ltr'>fragmentum</span> <span class='ocrx_word' id='word_1_234' title='bbox 701 3457 813 3543; x_wconf 83' lang='lat'>(905):</span> 
     </span>
    </p>

    <p class='ocr_par' dir='ltr' id='par_1_7' title="bbox 527 3562 1152 4075">
     <span class='ocr_line' id='line_1_30' title="bbox 528 3562 1094 3647; baseline -0.002 -19"><span class='ocrx_word' id='word_1_235' title='bbox 528 3562 559 3635; x_wconf 68' lang='lat' dir='ltr'>a</span> <span class='ocrx_word' id='word_1_236' title='bbox 583 3564 658 3629; x_wconf 70' lang='lat' dir='ltr'>ratde</span> <span class='ocrx_word' id='word_1_237' title='bbox 681 3565 818 3629; x_wconf 79' lang='grc' dir='ltr'><strong><em>λεύσσων</em></strong></span> <span class='ocrx_word' id='word_1_238' title='bbox 843 3562 906 3627; x_wconf 78' lang='grc' dir='ltr'>θεὸν</span> <span class='ocrx_word' id='word_1_239' title='bbox 930 3562 1001 3641; x_wconf 77' lang='grc' dir='ltr'>οὐχ)</span> <span class='ocrx_word' id='word_1_240' title='bbox 1026 3570 1094 3647; x_wconf 79' lang='grc' dir='ltr'><em>νοεῖ,</em></span> 
     </span>
     <span class='ocr_line' id='line_1_31' title="bbox 527 3667 1050 3751; baseline -0.006 -15"><span class='ocrx_word' id='word_1_241' title='bbox 527 3669 760 3751; x_wconf 73' lang='grc' dir='ltr'>μετεωρσλδγων</span> <span class='ocrx_word' id='word_1_242' title='bbox 785 3670 811 3734; x_wconf 78' lang='grc' dir='ltr'>δ’</span> <span class='ocrx_word' id='word_1_243' title='bbox 836 3667 909 3741; x_wconf 66' lang='lat' dir='ltr'>tuce</span> <span class='ocrx_word' id='word_1_244' title='bbox 933 3667 1050 3749; x_wconf 78' lang='grc' dir='ltr'><em>ἔρριψεν</em></span> 
     </span>
     <span class='ocr_line' id='line_1_32' title="bbox 528 3772 1017 3855; baseline -0.004 -14"><span class='ocrx_word' id='word_1_245' title='bbox 528 3780 654 3848; x_wconf 70' lang='grc' dir='ltr'>σκολιὰς</span> <span class='ocrx_word' id='word_1_246' title='bbox 679 3777 831 3855; x_wconf 63' lang='lat' dir='ltr'>dacisca,</span> <span class='ocrx_word' id='word_1_247' title='bbox 855 3772 893 3840; x_wconf 76' lang='lat' dir='ltr'>dv</span> <span class='ocrx_word' id='word_1_248' title='bbox 916 3775 1017 3854; x_wconf 58' lang='lat' dir='ltr'>aenea</span> 
     </span>
     <span class='ocr_line' id='line_1_33' title="bbox 531 3882 1152 3962; baseline -0.006 -13"><span class='ocrx_word' id='word_1_249' title='bbox 531 3884 651 3961; x_wconf 71' lang='lat' dir='ltr'>yaace&#39;</span> <span class='ocrx_word' id='word_1_250' title='bbox 674 3885 830 3961; x_wconf 78' lang='grc' dir='ltr'><strong><em>εἲκσβσλεῖ</em></strong></span> <span class='ocrx_word' id='word_1_251' title='bbox 851 3884 917 3962; x_wconf 76' lang='grc' dir='ltr'>περὶ</span> <span class='ocrx_word' id='word_1_252' title='bbox 942 3888 1000 3946; x_wconf 83' lang='grc' dir='ltr'>τῶν</span> <span class='ocrx_word' id='word_1_253' title='bbox 1024 3882 1152 3962; x_wconf 67' lang='grc' dir='ltr'><em>ἀφανῶν</em></span> 
     </span>
     <span class='ocr_line' id='line_1_34' title="bbox 531 3987 1016 4075; baseline -0.008 -18"><span class='ocrx_word' id='word_1_254' title='bbox 531 3993 612 4057; x_wconf 76' lang='grc' dir='ltr'><em>οὐδὲν</em></span> <span class='ocrx_word' id='word_1_255' title='bbox 636 3992 759 4070; x_wconf 73' lang='grc' dir='ltr'><em>γνώμης</em></span> <span class='ocrx_word' id='word_1_256' title='bbox 784 3991 966 4073; x_wconf 79' lang='grc' dir='ltr'>μεσέχσνσσι</span> <span class='ocrx_word' id='word_1_257' title='bbox 982 3987 1016 4075; x_wconf 78' lang='lat'>1).</span> 
     </span>
    </p>
   </div>
   <div class='ocr_carea' id='block_1_3' title="bbox 216 4101 395 4113">
    <p class='ocr_par' dir='ltr' id='par_1_8' title="bbox 216 4101 395 4113">
     <span class='ocr_line' id='line_1_35' title="bbox 216 4101 395 4113; baseline -0.006 -4"><span class='ocrx_word' id='word_1_258' title='bbox 216 4101 395 4113; x_wconf 77' lang='lat'>—-....—.</span> 
     </span>
    </p>
   </div>
   <div class='ocr_carea' id='block_1_4' title="bbox 214 4132 1404 4610">
    <p class='ocr_par' dir='ltr' id='par_1_9' title="bbox 214 4132 1404 4610">
     <span class='ocr_line' id='line_1_36' title="bbox 249 4132 1404 4203; baseline -0.003 -18"><span class='ocrx_word' id='word_1_259' title='bbox 249 4137 277 4202; x_wconf 88' lang='lat'>1)</span> <span class='ocrx_word' id='word_1_260' title='bbox 295 4140 377 4203; x_wconf 71' lang='lat' dir='ltr'>Quum</span> <span class='ocrx_word' id='word_1_261' title='bbox 400 4136 509 4187; x_wconf 83' lang='lat' dir='ltr'>Clemens</span> <span class='ocrx_word' id='word_1_262' title='bbox 530 4138 604 4188; x_wconf 85' lang='lat' dir='ltr'>talem</span> <span class='ocrx_word' id='word_1_263' title='bbox 621 4138 700 4188; x_wconf 89' lang='lat' dir='ltr'>virum</span> <span class='ocrx_word' id='word_1_264' title='bbox 719 4139 801 4188; x_wconf 72' lang='grc' dir='ltr'>,κνισὸν</span> <span class='ocrx_word' id='word_1_265' title='bbox 819 4137 862 4184; x_wconf 69' lang='grc' dir='ltr'>σὸν</span> <span class='ocrx_word' id='word_1_266' title='bbox 879 4132 1024 4197; x_wconf 73' lang='grc' dir='ltr'><em>Ενρνπίδνν”</em></span> <span class='ocrx_word' id='word_1_267' title='bbox 1042 4132 1195 4196; x_wconf 76' lang='grc' dir='ltr'>δνσδσιίμσνσι</span> <span class='ocrx_word' id='word_1_268' title='bbox 1212 4138 1237 4184; x_wconf 90' lang='lat' dir='ltr'>et</span> <span class='ocrx_word' id='word_1_269' title='bbox 1254 4132 1337 4183; x_wconf 68' lang='lat' dir='ltr'>ittam</span> <span class='ocrx_word' id='word_1_270' title='bbox 1354 4149 1404 4182; x_wconf 82' lang='lat' dir='ltr'>csse</span> 
     </span>
     <span class='ocr_line' id='line_1_37' title="bbox 214 4218 872 4283; baseline 0 -15"><span class='ocrx_word' id='word_1_271' title='bbox 214 4219 293 4279; x_wconf 89' lang='lat' dir='ltr'>dicat,</span> <span class='ocrx_word' id='word_1_272' title='bbox 310 4220 494 4269; x_wconf 83' lang='lat' dir='ltr'>Valckenacrius</span> <span class='ocrx_word' id='word_1_273' title='bbox 511 4221 580 4269; x_wconf 86' lang='lat' dir='ltr'>hosce</span> <span class='ocrx_word' id='word_1_274' title='bbox 597 4236 677 4269; x_wconf 86' lang='lat' dir='ltr'>versus</span> <span class='ocrx_word' id='word_1_275' title='bbox 695 4220 728 4268; x_wconf 86' lang='lat' dir='ltr'>sic</span> <span class='ocrx_word' id='word_1_276' title='bbox 745 4218 872 4283; x_wconf 84' lang='lat' dir='ltr'>disposuit:</span> 
     </span>
     <span class='ocr_line' id='line_1_38' title="bbox 298 4294 1306 4363; baseline -0.003 -14"><span class='ocrx_word' id='word_1_277' title='bbox 298 4300 447 4362; x_wconf 79' lang='grc' dir='ltr'>Δνσδσνίμων</span> <span class='ocrx_word' id='word_1_278' title='bbox 462 4301 490 4360; x_wconf 68' lang='grc' dir='ltr'>ὃς</span> <span class='ocrx_word' id='word_1_279' title='bbox 506 4299 570 4351; x_wconf 68' lang='grc' dir='ltr'>τάδε</span> <span class='ocrx_word' id='word_1_280' title='bbox 586 4300 697 4351; x_wconf 77' lang='grc' dir='ltr'><strong><em>λεύσσων</em></strong></span> <span class='ocrx_word' id='word_1_281' title='bbox 915 4295 946 4349; x_wconf 71' lang='lat' dir='ltr'>tv</span> <span class='ocrx_word' id='word_1_282' title='bbox 963 4300 1044 4362; x_wconf 65' lang='grc' dir='ltr'><strong><em>ἀτηρὰ</em></strong></span> <span class='ocrx_word' id='word_1_283' title='bbox 1060 4300 1161 4363; x_wconf 64' lang='lat' dir='ltr'>‘yades’</span> <span class='ocrx_word' id='word_1_284' title='bbox 1181 4294 1306 4362; x_wconf 77' lang='grc' dir='ltr'><strong><em>εἷκσβσλεῖ</em></strong></span> 
     </span>
     <span class='ocr_line' id='line_1_39' title="bbox 299 4382 1201 4447; baseline -0.002 -15"><span class='ocrx_word' id='word_1_285' title='bbox 299 4382 349 4433; x_wconf 76' lang='grc' dir='ltr'>θεὸν</span> <span class='ocrx_word' id='word_1_286' title='bbox 366 4382 428 4447; x_wconf 71' lang='grc' dir='ltr'>οὐχὶ</span> <span class='ocrx_word' id='word_1_287' title='bbox 444 4386 495 4433; x_wconf 74' lang='lat' dir='ltr'>rosi</span> <span class='ocrx_word' id='word_1_288' title='bbox 502 4421 572 4432; x_wconf 94' lang='grc'><em>.....</em></span> <span class='ocrx_word' id='word_1_289' title='bbox 964 4382 1020 4446; x_wconf 69' lang='grc' dir='ltr'>περὶ</span> <span class='ocrx_word' id='word_1_290' title='bbox 1036 4386 1085 4431; x_wconf 63' lang='grc' dir='ltr'>σῦν</span> <span class='ocrx_word' id='word_1_291' title='bbox 1102 4382 1201 4445; x_wconf 65' lang='grc' dir='ltr'><em>ἀφανῶν</em></span> 
     </span>
     <span class='ocr_line' id='line_1_40' title="bbox 300 4462 1274 4529; baseline -0.002 -16"><span class='ocrx_word' id='word_1_292' title='bbox 300 4504 368 4514; x_wconf 90' lang='grc'>.....</span> <span class='ocrx_word' id='word_1_293' title='bbox 378 4467 568 4529; x_wconf 73' lang='grc' dir='ltr'>μσσεωρσλόγννν</span> <span class='ocrx_word' id='word_1_294' title='bbox 584 4463 607 4513; x_wconf 82' lang='grc' dir='ltr'>δ’</span> <span class='ocrx_word' id='word_1_295' title='bbox 913 4463 982 4513; x_wconf 76' lang='grc' dir='ltr'><em>οὐδὲν</em></span> <span class='ocrx_word' id='word_1_296' title='bbox 999 4462 1100 4527; x_wconf 70' lang='grc' dir='ltr'><em>γνώμης</em></span> <span class='ocrx_word' id='word_1_297' title='bbox 1117 4462 1274 4526; x_wconf 75' lang='grc' dir='ltr'><strong><em>μετέχουσα.</em></strong></span> 
     </span>
     <span class='ocr_line' id='line_1_41' title="bbox 298 4545 721 4610; baseline -0.002 -14"><span class='ocrx_word' id='word_1_298' title='bbox 298 4546 467 4610; x_wconf 63' lang='lat' dir='ltr'>tractantes</span> <span class='ocrx_word' id='word_1_299' title='bbox 486 4548 589 4606; x_wconf 65' lang='grc' dir='ltr'>σκολιὰς</span> <span class='ocrx_word' id='word_1_300' title='bbox 606 4545 721 4605; x_wconf 70' lang='grc' dir='ltr'>ἀπάσαις,</span> 
     </span>
    </p>
   </div>
   <div class='ocr_carea' id='block_1_5' title="bbox 0 0 1630 5217">
    <p class='ocr_par' dir='ltr' id='par_1_10' title="bbox 0 0 1630 5217">
     <span class='ocr_line' id='line_1_42' title="bbox 0 0 1630 5217; baseline 0 0"><span class='ocrx_word' id='word_1_301' title='bbox 0 0 1630 5217; x_wconf 95' lang='lat' dir='ltr'> </span> 
     </span>
    </p>
   </div>
  </div>
 </body>
</html>
