3250 5217
828 391 870 453 14

295 569 342 636 De
363 571 463 636 Ioue
486 592 611 657 quoque
632 572 668 635 in
691 571 829 635 diversas
847 571 914 636 itur
933 572 1117 637 sententies.
1138 572 1344 639 Hermanuus
1356 573 1440 639 banc

182 697 232 747 420
249 678 390 743 fabulam
414 700 480 743 uon
502 680 577 763 post
600 676 649 742 Ol.
674 678 752 755 89‚4
776 678 927 761 scriptam
951 681 1067 755 censet,
1089 680 1139 743 cui
1163 681 1335 745 assentitur
1349 681 1440 745 'Diu-

183 793 232 845 427
251 784 380 850 dorfiua
400 784 580 850 Boeclrhius
601 787 633 848 et
652 783 772 848 Bodius
792 780 916 848 circiter
937 782 986 848 Ol.
1003 786 1090 863 88,1.
1104 784 1319 852 Bernhardius
1331 808 1440 852 eorum

183 907 234 955 418
252 913 408 956 annorum
432 892 536 955 medio
560 895 721 974 tempore3
745 888 854 954 Fixius
878 912 952 955 vero
976 890 1025 955 Ol.
1051 890 1178 974 90‚21).
1247 962 1255 977 ἦ,

250 1149 274 1193 et
295 1148 377 1210 postea
399 1160 492 1208 quoque
515 1145 720 1194 vehementissime
743 1146 819 1194 hostis
841 1149 944 1195 mortem
969 1146 1086 1211 exposcit,
1104 1163 1249 1211 quamquam
1265 1164 1350 1213 praeco
1366 1148 1443 1197 decla·

250 1227 313 1276 ravit
328 1226 513 1276 Atheniensibus
529 1227 554 1275 in
571 1226 711 1291 religionem
727 1227 808 1277 venire
826 1228 919 1277 hostem
937 1228 1056 1286 occidere,
1075 1228 1116 1292 qui
1134 1245 1158 1278 ss
1172 1230 1222 1295 ipse
1237 1230 1370 1279 tradiderit.
1382 1227 1443 1278 vNon

250 1313 351 1367 temere,
369 1325 406 1358 me
421 1308 515 1371 judice,
535 1310 646 1359 Alcmene
663 1308 755 1374 depicta
771 1318 805 1359 est
820 1310 944 1374 sanguinis
957 1310 1103 1370 avidissima;
1132 1327 1238 1379 nempe
1261 1313 1444 1377 Spartiatae

251 1409 285 1441 ex
309 1409 343 1442 ea
365 1393 494 1443 oriundi
517 1397 618 1451 eraut;
644 1394 725 1458 itaque
742 1393 839 1442 videtur
856 1393 917 1442 mihi
934 1392 1061 1458 Euripides
1079 1394 1123 1442 hoc
1140 1395 1242 1443 amiteio
1258 1395 1345 1444 horum
1361 1395 1444 1443 crude·

251 1474 344 1524 litatem
361 1475 449 1524 civium
465 1490 563 1525 suorum
579 1474 664 1539 pietati
679 1475 830 1540 opposuisse,
840 1474 927 1539 quippe
935 1479 1044 1540 spectans
1052 1491 1145 1525 saevam
1155 1476 1332 1526 Plataeensium
1341 1477 1442 1527 caedem

284 1559 383 1606 Certum
406 1557 520 1605 indicium
543 1557 647 1623 iuveni-ri
663 1556 726 1605 dicas
745 1556 784 1606 ubi
803 1558 962 1621 Eurystheus,
982 1558 1081 1621 antiquo
1098 1559 1165 1609 uisus
1182 1559 1279 1608 oraculo
1295 1558 1445 1625 Atheniensi·

250 1640 301 1699 bue,
316 1640 357 1704 qui
375 1656 399 1688 se
416 1655 510 1688 servare
527 1639 672 1698 maluissent,
690 1638 812 1704 promittit
829 1655 915 1705 corpus
931 1655 1001 1689 suum
1019 1640 1099 1689 Attica
1116 1645 1183 1690 terra
1200 1645 1322 1706 receptum
1338 1640 1369 1690 iis
1385 1656 1444 1690 sem·

251 1738 295 1789 per
318 1724 369 1771 fore
394 1722 522 1786 benignum
539 1730 563 1770 et
580 1722 742 1781 salutiferum,
763 1722 947 1773 Heraclidarum
966 1738 1021 1771 vero
1038 1724 1140 1787 posteris
1157 1724 1271 1773 infestum
1288 1727 1312 1773 et
1329 1723 1445 1789 peruicio-

252 1802 381 1854 sambrae
399 1805 495 1864 μόλωσι
513 1801 581 1864 δεῦρο
599 1804 644 1851 σὺν
662 1805 744 1866 πολλῇ
762 1803 834 1865 χερὶ,
852 1802 927 1866 χάριν
944 1802 1076 1866 προδόντες
1085 1803 1172 1862 τήνδε.
1190 1806 1223 1855 Et
1238 1809 1318 1855 umen
1335 1806 1374 1855 hic
1391 1804 1445 1855 linis

155 1874 159 1881 ’
252 1904 305 1936 meo
324 1886 415 1950 judicio
438 1902 485 1935 uon
508 1886 593 1935 referri
616 1889 694 1950 potest
712 1886 741 1933 ed
758 1885 863 1949 aliquam
880 1886 1041 1936 incursionem
1057 1904 1071 1937 a
1088 1888 1278 1939 lacedaemoniis
1296 1888 1321 1937 iu
1339 1888 1444 1936 Atticam

251 1971 346 2020 factam.

286 2052 312 2101 Si
334 2052 381 2101 alia
402 2052 482 2101 omnia
506 2052 611 2115 negligas
628 2051 730 2101 maxime
747 2051 878 2101 verisimile
896 2053 991 2101 videtur
1008 2053 1128 2116 tragicum
1144 2052 1236 2118 patriae
1253 2052 1368 2118 pietatem
1385 2053 1444 2102 cele·

252 2135 322 2184 brare
346 2134 459 2193 voluisse,
477 2134 604 2199 Spartiatis
621 2138 701 2183 autem
718 2137 742 2182 et
759 2134 984 2183 commemoratione
1000 2134 1107 2184 beneficii
1123 2134 1181 2184 olim
1198 2135 1288 2200 accepti
1305 2138 1330 2183 et
1349 2135 1445 2185 futurae

253 2213 326 2269 cladis
350 2218 413 2268 malo
439 2218 539 2282 augurio
565 2217 705 2281 persuadere
731 2232 761 2266 ne
786 2219 866 2265 terrae
888 2217 982 2266 Atticae
998 2216 1087 2266 bellum
1101 2217 1232 2274 inferrent,
1250 2234 1324 2281 quare
1341 2216 1445 2267 tabulam

253 2302 347 2351 doctam
364 2301 445 2349 credas
461 2299 588 2363 aliquando
605 2299 690 2363 legatis
706 2298 834 2364 Spartiatis
850 2298 1020 2363 praesentibus.

287 2385 313 2444 1)
330 2383 442 2446 Plerique
467 2382 493 2430 in
510 2382 585 2435 buius,
597 2380 690 2430 tabulae
707 2383 784 2429 aetate
801 2380 934 2429 delinienda
950 2383 1055 2428 metrum
1072 2380 1149 2429 solum
1166 2382 1334 2446 contemplati,
1351 2398 1380 2431 ex
1396 2380 1446 2430 eius

254 2465 391 2529 generibus,
418 2481 430 2512 e
455 2480 554 2513 numero
580 2463 726 2513 solutionum
751 2462 895 2511 senteutiam
916 2462 1070 2525 collegerunt.
1096 2464 1205 2528 Quarum
1231 2480 1314 2513 rerum
1327 2464 1444 2528 judicium

252 2552 332 2598 temen
353 2563 421 2613 saepe
442 2546 554 2596 turbatur
579 2549 604 2594 et
620 2546 694 2611 ipsius
710 2548 793 2609 poetae
811 2547 835 2592 et
853 2544 957 2593 aliorum
974 2544 1213 2609 interpolationibus,
1232 2546 1267 2595 ita
1284 2550 1312 2595 ut
1330 2545 1381 2595 beri
1398 2561 1445 2595 nou

251 2630 326 2697 possit
343 2630 400 2695 quin
417 2629 578 2679 conclusiones
595 2644 667 2677 vanae
685 2642 753 2692 saepe
770 2627 819 2675 sint
836 2631 860 2675 et
876 2627 988 2676 incertae.
1007 2628 1102 2677 Etenim
1120 2628 1227 2677 videmus
1245 2629 1288 2677 hac
1306 2630 1388 2678 eadem
1404 2628 1443 2677 via

252 2715 282 2764 ad
304 2713 475 2762 diversissimas
497 2715 572 2761 metes
594 2709 721 2776 perveniri.
748 2710 794 2758 Sed
812 2710 887 2758 miror
910 2709 974 2759 viros
990 2710 1072 2759 doctos
1090 2713 1207 2773 quantum
1223 2711 1272 2760 scio
1289 2712 1314 2760 iu
1332 2710 1446 2778 Euripide

253 2796 407 2846 examinando
431 2810 560 2858 numquam
571 2793 684 2842 animum
702 2792 832 2842 attendisse
849 2792 878 2839 ad
897 2791 1060 2842 diverbiorum
1077 2793 1193 2847 formam.
1211 2809 1271 2857 quas
1288 2794 1313 2841 iu
1330 2792 1447 2842 dmmatis

253 2877 425 2945 posterioribus
449 2877 554 2925 multum
579 2876 659 2924 differt
676 2890 689 2923 s
708 2875 786 2924 forma
802 2874 829 2923 iu
846 2874 968 2939 prioribus
987 2874 1082 2924 usitata.
1102 2876 1132 2923 lu
1149 2875 1199 2923 illis
1215 2875 1280 2924 euim
1293 2875 1444 2924 menifestum

253 2960 360 3010 cernitur
376 2959 482 3008 studium
504 2956 636 3021 augendi
659 2971 818 3007 numerum
840 2957 1161 3022 stichomythiarum,
1185 2962 1215 3005 ct
1238 2973 1382 3006 versuum
1403 2957 1446 3005 in-

254 3045 302 3091 ter
327 3042 402 3091 duas
426 3054 577 3105 personas
602 3038 786 3089 divisorum.
811 3039 860 3087 Per
885 3040 974 3089 multos
997 3056 1077 3089 versus
1101 3040 1227 3089 continuos
1243 3056 1356 3105 personae
1373 3039 1447 3089 eollo-

253 3127 352 3188 queutes
373 3123 479 3187 singulos
501 3125 595 3170 tantum
618 3121 706 3170 stichos
724 3121 840 3178 recitant.
859 3124 901 3170 aut
917 3121 1036 3170 trimetris
1053 3121 1160 3171 iambicis
1176 3126 1218 3171 aut
1235 3122 1382 3171 tetrametris
1397 3124 1448 3171 tro·

253 3206 340 3256 chalcis
355 3206 453 3254 clausos.
472 3203 628 3253 Trochaicum
648 3205 753 3252 metrum
770 3203 868 3251 omniuo
885 3202 911 3251 in
928 3204 1100 3271 posterioribus
1116 3204 1446 3253 tautumfabulisiuvenitur.
1502 3188 1507 3197 ⁸

253 3288 315 3338 'lum
337 3287 408 3337 multi
430 3288 559 3336 occurrunt
576 3285 646 3333 stichi
662 3284 729 3333 inter
746 3285 804 3333 duas
822 3300 933 3350 personas
949 3285 1034 3345 divisi,
1052 3285 1193 3349 plerumque
1208 3286 1336 3335 trochaicis
1352 3290 1447 3335 octone·

253 3372 309 3430 riis,
328 3370 400 3419 senrel
416 3372 512 3419 tautum
529 3384 572 3433 per
588 3368 691 3433 amplius
708 3367 843 3431 quindecim
857 3383 939 3416 versus
953 3368 1079 3417 continuos
1093 3368 1193 3417 senariis
1201 3367 1307 3417 iambicis
1315 3368 1448 3433 compositi.

187 3458 237 3507 412
287 3452 369 3502 Prima
395 3452 490 3501 Helene
514 3450 637 3514 tragoedia
665 3450 714 3515 (Ol.
738 3451 805 3511 ens)
830 3450 919 3500 multos
936 3466 1017 3501 versus
1035 3450 1162 3516 bipartitos
1180 3449 1250 3499 habet
1267 3451 1399 3500 continuos.
1418 3451 1448 3499 In

256 3536 387 3587 Troadibus
409 3534 473 3584 euim
495 3534 601 3583 noudum
627 3536 761 3585 occurrunt.
790 3534 850 3583 Post
874 3533 992 3583 Helenam
1012 3535 1123 3593 Orestes,
1142 3533 1267 3599 Iphigenia
1284 3533 1352 3593 Aul,
1370 3534 1448 3583 Phoe-

256 3620 340 3669 nissae.
358 3619 426 3667 Inter
442 3616 532 3665 tabulas
548 3616 691 3681 posteriores
709 3616 814 3665 Bacchae
831 3620 927 3665 tautum
941 3616 972 3665 ils
985 3619 1079 3675 careut;
1096 3631 1177 3665 rerum
1191 3616 1249 3664 haec
1263 3614 1343 3664 fabula
1360 3615 1450 3664 multos

256 3700 328 3751 habet
343 3716 370 3749 vs
395 3699 528 3749 trochaioos
545 3699 586 3763 (de
604 3698 657 3763 Iph.
678 3699 749 3748 Teur.
768 3714 790 3750 v.
808 3714 847 3765 pg.
866 3701 920 3763 sq).

291 3784 342 3831 Neo
363 3782 605 3847 praetermittendum
628 3781 723 3831 ridetur
745 3785 848 3844 quatuor
872 3797 911 3831 eea
933 3779 1025 3829 fabulas
1048 3779 1145 3829 omniuo
1163 3781 1239 3830 multo
1256 3780 1370 3830 maiorem
1386 3794 1449 3829 oom·

257 3864 330 3931 plecti
355 3880 466 3914 versuum
492 3879 619 3913 numerum
640 3864 734 3927 (omnes
751 3863 816 3912 euim
832 3862 935 3928 amplius
952 3862 1029 3925 1000)
1046 3878 1119 3926 quam
1141 3864 1234 3927 priores
1251 3862 1331 3928 (nulla
1348 3860 1450 3927 amplius

258 3947 344 4011 1500).
371 3946 484 3995 Videmus
500 3946 576 4009 igitur
595 3945 733 4011 Euripidem
750 3961 824 4009 quum
842 3946 983 4010 procedente
1000 3948 1107 4009 tempore
1124 3945 1276 3995 severitatem
1291 3944 1363 3994 metri
1371 3944 1450 3992 minus

257 4031 352 4078 curaret
374 4028 488 4077 maiorem
505 4044 602 4093 operam
619 4029 709 4078 dedisse
727 4030 753 4076 ut
770 4027 927 4077 artificiosam
945 4031 1019 4084 esset.
1036 4044 1091 4077 cum
1108 4028 1167 4077 artis
1184 4028 1327 4077 detrimento
1345 4026 1450 4077 laborem

257 4126 310 4159 are
324 4109 455 4159 necessaria
468 4110 497 4159 ad
514 4126 565 4159 rem
583 4110 663 4175 paucis
680 4112 776 4159 tautum
792 4109 851 4157 locis
867 4109 1054 4168 convenientem,
1073 4125 1142 4175 saepe
1160 4125 1217 4159 vero
1234 4109 1345 4159 inutilem
1359 4116 1381 4159 et
1401 4125 1451 4159 ruo·

257 4192 341 4241 lestem
357 4192 509 4242 transferens.
538 4194 609 4241 Nunc
626 4195 706 4241 eutem
725 4192 808 4240 Iouem
827 4191 1005 4256 conspiciamus.

291 4276 359 4325 Haeo
381 4274 461 4325 fabula
483 4276 589 4340 primum
611 4278 714 4338 quatuor
735 4273 785 4322 illie
808 4290 881 4339 supra
902 4273 1031 4323 nominatis
1053 4274 1093 4323 vix
1116 4275 1234 4325 minorem
1253 4275 1323 4324 habet
1340 4289 1451 4323 versuum

258 4373 392 4408 numerum.
416 4358 478 4407 Tum
501 4356 685 4421 stichomythiaa
707 4355 820 4405 iambicos
844 4355 915 4405 habet
938 4356 1069 4421 semolper
1087 4358 1237 4422 vs.105(so.
1257 4372 1291 4406 vs.
1306 4355 1451 4419 eet-368)

257 4441 346 4490 iterum
363 4455 406 4505 per
423 4456 456 4489 vs.
475 4442 507 4490 94
526 4438 697 4504 (sse-1028)
714 4438 854 4498 continuas,
869 4438 1001 4489 trochaicae
1019 4440 1066 4497 13,
1084 4454 1120 4488 vs.
1138 4439 1271 4489 trochaicus
1287 4438 1405 4504 simplices
1424 4436 1453 4494 1,

259 4526 288 4592 s,
307 4523 352 4582 17,
372 4522 500 4587 bipertitos
519 4523 558 4571 33.
