3250 5217
187 599 292 663 cietur
322 603 359 663 ut
385 598 602 684 intelligamus
626 603 759 665 eundem
783 602 909 683 poetam
935 604 1186 685 repraesentasse
1210 600 1377 686 perturba·

183 706 287 770 tiones
318 709 351 770 et
380 706 580 783 affectiones,
604 727 685 791 quae
709 705 759 771 vel
780 704 992 790 Strepsiadcm
1013 704 1282 791 Aristophaneum
1302 704 1378 769 hor·

184 830 256 874 rore
279 810 457 888 afficerent,
484 833 654 897 rursusque
673 812 875 896 proposuisse
895 816 927 875 et
939 814 1178 877 commendasse
1191 812 1377 896 pudicitiam

183 916 376 1000 singularem
410 919 443 981 et
474 940 573 1003 prope
604 918 793 984 inauditam.
830 916 901 983 Hac
924 939 1049 1002 quoque
1070 918 1105 981 in
1129 939 1163 982 re
1186 918 1279 982 nobis
1302 921 1378 982 ante

185 1021 293 1087 oculos
323 1025 471 1106 ponenda
499 1026 547 1087 est
570 1024 720 1107 ambigua
740 1022 797 1087 illu
821 1024 962 1089 conditio
988 1044 1085 1108 supra
1108 1024 1318 1100 adumbrata,
1341 1022 1376 1086 in

186 1149 249 1212 qna
272 1149 374 1193 novae
396 1128 537 1193 rationes
560 1129 691 1193 vivendi
714 1133 807 1193 erant
826 1132 1030 1213 quaerendae.
1056 1128 1141 1193 Nam
1161 1129 1196 1193 in
1215 1129 1377 1215 superiore

187 1238 306 1312 aetate,
340 1256 439 1318 quum
469 1235 614 1299 homines
645 1234 714 1299 sine
745 1235 999 1300 dubitationibus
1031 1238 1063 1299 et
1094 1234 1377 1320 disceptationibus

186 1340 332 1425 vulgares
363 1344 570 1425 sequerentur
597 1342 746 1405 notiones
777 1341 914 1419 ethicas,
939 1342 1059 1424 multa,
1084 1346 1122 1406 ut
1144 1341 1200 1425 fit,
1225 1340 1377 1426 permissa

186 1449 278 1510 erant
300 1448 333 1510 et
354 1446 460 1531 palam
485 1445 621 1524 fiebant,
645 1469 725 1532 quae
748 1451 859 1531 postea
882 1450 969 1532 apud
988 1447 1133 1511 homines
1153 1448 1322 1526 severiores
1341 1446 1376 1510 in

185 1551 463 1636 reprehensionem
485 1552 651 1617 incursura
674 1557 782 1630 erant;
807 1552 920 1619 illicita
945 1575 1018 1618 vero
1042 1575 1153 1618 omnes
1173 1553 1376 1618 detestaban-

185 1662 237 1722 tur
270 1663 302 1723 et
332 1660 592 1725 contemnebant.
623 1658 670 1723 At
699 1662 870 1744 postquam
901 1664 1110 1725 evanescente
1142 1681 1265 1723 morum
1290 1658 1377 1723 anti-

185 1785 320 1849 quorum
344 1764 534 1829 auctoritate
558 1764 635 1830 boni
656 1765 794 1850 malique
813 1766 944 1830 termini
963 1765 1068 1850 coepti
1084 1768 1161 1830 sunt
1171 1763 1375 1842 labefactari,

184 1872 313 1954 peccata
337 1873 369 1933 et
392 1872 592 1954 peccatores,
616 1874 653 1935 ut
675 1871 773 1949 solet,
796 1892 861 1935 non
881 1871 1019 1956 amplius
1038 1874 1236 1936 contemtum
1256 1870 1376 1935 ethor-

184 1996 287 2039 rorem
307 1976 497 2053 movebant,
516 1979 570 2041 sed
594 1976 685 2061 digni
708 1976 900 2041 videbantur
923 1979 962 2041 de
985 1977 1102 2061 quibus
1125 1976 1319 2060 cogitaretur
1343 1982 1377 2041 et

184 2082 300 2165 quibus
326 2104 401 2147 cura
424 2082 645 2160 adhiberetur,
670 2105 745 2147 mox
769 2082 1001 2147 miserationem
1023 2067 1211 2160 movebant,
1233 2084 1317 2146 unde
1335 2083 1375 2146 ad

184 2189 418 2253 excusationem
448 2188 652 2253 brevissimus
683 2192 733 2253 est
758 2190 922 2255 transitus.
946 2189 998 2255 sic
1020 2188 1204 2272 Euripides,
1228 2188 1374 2272 quamvis

182 2292 250 2378 ipse
273 2294 383 2378 procul
403 2294 499 2359 dubio
518 2294 607 2357 illam
627 2294 711 2359 viam
732 2294 898 2360 severioris
919 2295 1047 2360 virtutis
1066 2294 1263 2379 probaverit,
1285 2293 1373 2358 cuius

185 2401 330 2484 exempla
361 2400 505 2484 proxime
535 2401 765 2485 recensuimus,
791 2406 900 2467 tamen
924 2423 1025 2487 paene
1047 2400 1234 2486 ignoscebat
1255 2399 1295 2464 iis
1318 2400 1374 2483 qni

187 2506 424 2579 vehementibus
455 2506 750 2589 perturbationibus
781 2506 945 2572 sollicitati
975 2506 1123 2573 licentiae
1155 2506 1237 2569 viam
1262 2528 1373 2590 seque·

185 2615 313 2689 rentur,
344 2613 495 2697 quoniam
527 2614 559 2676 et
589 2613 624 2676 in
657 2614 789 2678 colenda
821 2614 940 2679 virtute
962 2618 994 2679 et
1017 2614 1051 2678 in
1074 2634 1246 2697 pravarum
1268 2634 1374 2676 rerum

187 2718 330 2801 appetitu
353 2719 487 2787 naturae
507 2718 659 2803 cuiusque
682 2718 820 2784 hominis
844 2720 1016 2784 maximam
1040 2719 1203 2784 tribuebat
1225 2717 1300 2785 vim.

227 2931 438 2998 Transeamus
469 2935 509 2998 ad
532 2934 654 3018 reliqua
678 2934 823 3019 exempla
846 2933 974 2999 virtutis
997 2932 1142 2999 sublimis
1165 2936 1197 2997 et
1220 2931 1370 2999 excelsae.

226 3038 394 3125 Euripides
420 3062 504 3104 unus
527 3040 723 3124 tragicorum
747 3040 929 3123 saepissime
951 3039 1070 3103 fabulis
1093 3037 1265 3104 celebravit
1288 3060 1374 3128 mor-

134 3152 138 3157 ’
182 3146 246 3209 tem
269 3146 462 3230 praeclaram
482 3166 607 3225 eornm,
629 3146 736 3231 quise
756 3167 815 3231 pro
835 3146 957 3231 patriae
969 3145 1261 3231 propinquorumve
1273 3146 1376 3211 salute

182 3253 383 3317 devoverent.
417 3251 607 3337 Plerumque
638 3255 810 3317 secundum
836 3251 964 3336 aliquod
988 3250 1150 3316 oraculum
1174 3251 1291 3334 seipsi
1313 3252 1375 3315 im-

181 3356 348 3421 molandos
379 3356 526 3422 offerunt.
559 3356 630 3421 Hac
652 3358 776 3423 ratione
796 3357 938 3422 Macaria
960 3358 994 3422 in
1020 3356 1197 3421 Heraclidis
1220 3356 1317 3421 efficit
1341 3360 1378 3420 ut

180 3459 393 3527 Athenienses
420 3463 553 3527 vincant
571 3462 709 3547 Argivos
733 3466 765 3528 et
786 3466 940 3547 cognatos
965 3484 1040 3527 suos
1059 3463 1100 3527 ab
1119 3461 1232 3526 horum
1253 3463 1376 3527 insidiis

181 3566 215 3631 in
247 3571 434 3652 perpetuum
466 3568 616 3633 vindicat.
651 3568 771 3633 Eodem
804 3568 898 3633 modo
923 3568 1112 3633 Menoeceus
1134 3568 1170 3631 in
1194 3568 1376 3633 Phoenissis

181 3672 351 3737 Thebanos
383 3676 497 3739 servat.
530 3671 668 3737 Alcestis
695 3677 731 3738 ut
755 3674 871 3738 marito
896 3694 952 3738 suo
975 3673 1153 3757 longiorem
1178 3673 1276 3738 vitam
1300 3695 1375 3758 pro-

182 3780 280 3841 ducat
307 3779 373 3843 eius
397 3780 463 3844 vice
486 3779 570 3843 ultro
593 3780 628 3843 in
651 3778 768 3843 Orcum
789 3779 962 3845 descendit.
983 3780 1146 3865 Imprimis
1166 3781 1309 3845 notanda
1328 3785 1377 3845 est

182 3882 352 3968 Iphigenia
373 3885 420 3969 (in
439 3884 510 3970 Iph.
531 3884 639 3971 Aul),
660 3888 769 3950 tenera
788 3884 898 3970 virgo,
919 3908 1000 3971 quae
1020 3907 1060 3950 ne
1080 3908 1137 3950 sua
1150 3908 1245 3950 causa
1256 3885 1375 3950 bellum

182 3989 356 4054 Troianum
379 3990 613 4056 intermittatur
643 4013 722 4056 neve
746 3991 800 4055 alii
824 3992 858 4056 in
883 3992 996 4076 capitis
1019 3992 1189 4057 discrimen
1213 3992 1376 4056 adducan-

181 4100 252 4186 tur,
272 4096 486 4162 immolationi
504 4119 537 4162 se
557 4098 641 4161 ultro
662 4096 757 4161 offert
770 4094 806 4183 ¹).
829 4095 913 4172 Quin
932 4098 1028 4162 etiam
1049 4100 1089 4161 ad
1110 4101 1245 4162 mortem
1257 4098 1376 4162 vadens

182 4224 333 4285 paeanem
365 4206 476 4267 cantat
507 4201 647 4280 Dianae,
680 4203 741 4288 ipsi
766 4203 813 4267 illi
842 4204 918 4268 deae
941 4205 1030 4269 cuius
1049 4205 1139 4288 jussu
1164 4204 1376 4282 mactabitur,

183 4309 449 4392 quemadmodum
469 4310 546 4373 olim
568 4312 723 4393 martyres
740 4308 940 4376 Christianae
959 4309 1064 4375 Deum
1084 4309 1251 4375 laudantes
1262 4331 1375 4396 rogum

217 4544 243 4611 l)
262 4546 292 4595 Iu
307 4545 361 4613 Iph.
378 4547 449 4599 laur.
466 4551 564 4599 Orestes
577 4564 661 4599 cavans
675 4564 705 4599 ne
720 4541 810 4600 amicus
825 4564 867 4601 sus
880 4563 950 4599 cansa
956 4548 1117 4601 inbrssdatnr
1125 4565 1150 4599 se
1158 4548 1208 4615 ipse
1218 4548 1291 4601 morti
1300 4550 1377 4604 offert.
