3250 5217
658 774 901 865 616661.
939 879 943 883 ³

587 1010 967 1091 66616166116661.
1006 987 1008 990 ’
1091 1006 1093 1010 ’
1149 999 1153 1000 ’

223 1178 391 1263 1166666616
410 1180 448 1243 iis
468 1202 549 1264 quae
568 1183 607 1244 de
626 1180 788 1264 Euripidis
808 1180 915 1245 indole
927 1181 993 1245 dixi
1006 1201 1070 1245 non
1083 1182 1258 1266 exspectari
1269 1188 1374 1268 potest

170 1308 246 1351 eum
270 1286 369 1349 vitam
393 1284 536 1363 facilem,
561 1286 701 1362 felicem,
727 1285 844 1349 laetam
869 1288 1034 1369 judicasse.
1061 1287 1211 1353 Omnium
1231 1293 1372 1353 aetatum

171 1391 302 1455 fabulae
326 1395 452 1456 scatent
475 1392 641 1456 sententiis
665 1396 703 1455 de
728 1392 812 1456 vitae
837 1392 948 1469 malis,
973 1394 1011 1457 de
1035 1414 1139 1457 rerum
1160 1394 1372 1459 humanarum

170 1497 348 1581 fragilitate
372 1501 404 1561 et
417 1494 585 1575 uanitate,
605 1500 643 1563 de
663 1497 827 1562 laboribus
849 1500 889 1561 ad
908 1498 1095 1564 felicitatem
1115 1501 1370 1584 consequendam

172 1604 366 1669 necessariis.

223 1708 319 1774 Nulla
342 1711 429 1775 bona
451 1713 519 1776 sine
541 1711 650 1783 labore
669 1712 881 1796 acquiruntur
901 1712 1045 1795 (Teleph.
1067 1713 1107 1778 fr.
1124 1714 1204 1795 719,
1219 1713 1370 1778 Erechth.

173 1815 213 1881 fr.
247 1818 328 1898 366,
361 1816 462 1883 Oress.
496 1819 534 1881 fr.
561 1819 651 1902 464).
685 1816 854 1882 Neminem
878 1840 1003 1901 semper
1026 1840 1093 1882 csse
1117 1817 1241 1883 felicem
1265 1820 1371 1883 incul-

174 1925 266 1987 catur
289 1924 327 1986 iis
351 1924 406 2008 qui
431 1928 547 1988 sortem
572 1947 662 1988 suam
687 1929 866 2007 queruntur
889 1923 1022 2007 (Alcest.
1049 1926 1114 1988 392
1139 1928 1224 2008 sqq.)
1245 1926 1295 1988 vel
1316 1926 1372 2008 qui

173 2028 327 2093 felicitate
347 2031 536 2113 superbiunt
552 2030 645 2113 (Hec.
661 2031 750 2114 283).
764 2030 825 2095 Sed
839 2030 932 2093 etiam
947 2030 988 2105 ii,
1002 2030 1056 2113 qui
1069 2030 1123 2093 diu
1136 2018 1370 2095 calamitatibus

175 2135 318 2219 oppressi
344 2140 438 2212 sunt,
464 2136 595 2199 meliora
619 2156 684 2199 non
709 2136 877 2219 desperant
901 2134 987 2219 (Hel.
1016 2136 1100 2199 1448
1126 2137 1205 2220 sq.),
1227 2157 1370 2199 namne·

174 2262 236 2325 que
258 2240 417 2305 infelicem
442 2264 564 2325 semper
589 2263 656 2305 esse
680 2263 872 2325 quemqnam
889 2241 913 2325 ¹)
938 2240 1044 2326 (Herc,
1066 2240 1369 2325 1661610166),

174 2347 320 2432 ipsasque
352 2348 549 2412 calamitates
574 2350 717 2431 tempore
741 2347 920 2431 defatigari.
959 2346 1036 2410 Vita
1060 2349 1160 2411 mixta
1183 2348 1232 2410 est
1253 2346 1371 2431 gaudio

174 2456 207 2516 et
236 2452 345 2517 dolore
372 2453 522 2538 (Antiop.
545 2453 584 2517 fr.
613 2453 687 2529 196,
717 2454 814 2537 107);
839 2453 982 2518 celeriter
1006 2453 1281 2530 fortunamutat,
1305 2452 1371 2515 alta

175 2558 300 2643 dejicit,
326 2558 460 2623 humilia
483 2559 626 2625 extollit:
651 2558 731 2623 nihil
757 2563 877 2623 certum
902 2564 951 2623 est
974 2581 1080 2624 rerum
1104 2560 1317 2623 humanarum
1331 2556 1369 2645 ⁹).

173 2664 275 2730 Nemo
311 2666 402 2730 novit
433 2670 549 2733 sortem
581 2666 768 2749 lugubrem3
800 2665 875 2729 felix
906 2666 971 2749 jam
1004 2666 1031 2729 is
1064 2666 1214 2729 dicendus
1245 2668 1294 2729 est
1319 2666 1370 2729 cui
1397 2748 1399 2752 Ι

172 2771 315 2853 quotidie
346 2771 428 2835 nihil
464 2772 540 2836 mali
573 2770 689 2835 accidit
704 2774 746 2853 3);
778 2775 853 2834 ante
887 2775 1020 2835 mortem
1046 2775 1154 2835 tamen
1178 2791 1270 2835 nemo
1293 2769 1371 2835 felix

171 2878 401 2960 praedicandus
433 2881 482 2941 est
496 2880 530 2963 ⁴).
566 2875 627 2952 Qui
650 2877 794 2940 mortalis
819 2878 861 2940 sit
883 2898 956 2940 eum
980 2877 1119 2941 dolorem
1144 2876 1212 2961 pati
1235 2897 1370 2940 consen-

153 2986 301 3055 Ι6666616
326 2986 375 3047 est
398 2984 484 3068 (Iph.
509 2983 583 3049 Aul.
610 2985 663 3058 31,
689 2982 808 3047 Protes.
834 2982 872 3045 fr.
900 2984 983 3059 653,
1008 2982 1139 3065 Thyest.
1163 2983 1200 3045 fr.
1226 2983 1315 3066 396).

216 3089 287 3152 Η66
314 3089 492 3153 sententiae
524 3110 601 3153 sane
633 3088 713 3153 nihil
740 3110 839 3173 prope
871 3088 992 3152 habent
1021 3092 1105 3170 quod
1129 3110 1193 3151 non
1218 3088 1312 3151 cadat
1334 3087 1370 3150 in

170 3193 380 3276 plurimorum
407 3194 575 3259 hominum
600 3194 847 3277 cogitationem
871 3194 925 3257 sed
950 3194 1034 3276 quod
1059 3197 1124 3256 tam
1149 3214 1242 3276 saepe
1265 3214 1368 3255 enun-

169 3299 292 3364 tiantur
314 3299 348 3363 id
371 3300 512 3365 indicare
535 3300 661 3364 videtur
686 3300 771 3363 vitae
795 3299 960 3363 tristitiam
982 3303 1015 3363 et
1034 3300 1238 3383 asperitatem
1258 3303 1368 3362 nostro

170 3410 324 3489 perpetuo
344 3406 543 3471 obversatam
565 3428 640 3470 esse.
656 3400 744 3470 ¹'Pam
764 3407 804 3469 ad
826 3406 988 3469 acerbiora
1000 3405 1141 3469 animum
1154 3407 1368 3478 attendamus,

172 3509 360 3575 Audivimus
386 3514 454 3595 jam
484 3506 663 3576 Phaedram
688 3511 803 3595 longas
828 3533 884 3595 661
908 3514 1017 3576 noctes
1041 3533 1191 3596 quaerere
1214 3511 1324 3584 θνητῶν
1349 3508 1368 3592 ἦ

170 3614 353 3693 διέφθαρται
384 3618 451 3692 βίος
485 3617 597 3703 (11166.
632 3618 718 3697 376).
743 3618 782 3681 16
806 3617 919 3681 Medea
943 3618 1060 3702 (1224)
1083 3617 1215 3682 nuntius
1239 3621 1369 3682 narrata

171 3718 306 3787 Creusae
325 3724 487 3808 patrisque
507 3723 654 3787 horribili
672 3745 747 3787 nece
766 3723 844 3787 haec
865 3724 1011 3807 subjicit:
1033 3745 1104 3788 >res
1124 3724 1282 3789 humanas
1301 3746 1368 3788 non

171 3851 257 3893 nunc
288 3829 425 3913 primum
461 3829 589 3893 umbrae
621 3829 740 3893 similes
766 3828 895 3913 judico;
926 3851 1028 3913 neque
1053 3852 1125 3895 cum
1149 3830 1215 3894 ulla
1239 3830 1367 3896 dubita·

171 3934 258 4000 tione
283 3935 386 3999 dicam
408 3957 478 4013 eos,
500 3936 556 4020 qui
575 3936 733 4020 sapientes
753 3935 922 3999 videantur
940 3935 1025 3999 inter
1043 3935 1189 4000 homines
1210 3938 1243 4000 66
1254 3958 1367 4020 quaes-

204 4247 230 4312 1)
248 4246 336 4297 Tamen
355 4248 380 4295 in
398 4248 427 4297 11.
447 4248 492 4296 inc.
512 4248 561 4297 802
579 4247 624 4295 diis
642 4246 754 4310 objicitur
770 4249 833 4312 quod
851 4249 951 4297 eundem
967 4263 1061 4312 semper
1077 4248 1196 4297 infelicem
1213 4262 1264 4297 esee
1280 4248 1369 4298 sinant.

203 4328 232 4397 2)
251 4330 308 4380 Γ116.
334 4331 398 4381 1203
415 4347 474 4395 sqq.¹
495 4332 583 4379 16611.
603 4332 669 4388 4241,
689 4331 750 4379 Β611.
769 4332 799 4379 fr.
819 4332 877 4391 303,
896 4329 1068 4389 3061616161.
1085 4331 1117 4380 11.
1134 4332 1197 4389 264,
1216 4330 1319 4394 Meleng.
1338 4331 1369 4379 11.

171 4413 234 4471 340,
251 4412 337 4478 Oedip.
356 4414 386 4461 fr.
409 4415 464 4469 663,
485 4414 534 4461 166.
555 4414 628 4473 1058,
648 4414 721 4474 1050,
743 4414 811 4462 1060.
1087 4407 1090 4410 ’

204 4496 227 4555 3)
247 4495 301 4561 1611.
320 4496 346 4544 ’1,
365 4493 427 4555 476,”
444 4495 531 4559 Chrys.
550 4496 580 4544 11.
600 4496 656 4553 640,
676 4496 736 4545 Hec.
755 4495 802 4548 627
821 4510 865 4559 sq„
884 4494 973 4546 Bacch.
991 4494 1047 4543 010.

201 4576 230 4639 4)
248 4577 302 4626 'Pro
322 4578 370 4626 300
390 4592 435 4640 sq„
456 4578 552 4627 Hcracl.
568 4578 616 4626 866
634 4592 677 4639 sq„
692 4577 811 4627 Androm.
831 4578 879 4624 100
895 4592 929 4639 eq.
