3250 5217
270 1625 343 1691 Nou
372 1626 475 1704 ,moris
507 1625 696 1689 observandi
725 1647 819 1689 eausa
853 1624 906 1689 sed
927 1624 1041 1687 intimo
1065 1623 1163 1686 animi
1187 1644 1281 1689 sensu
1305 1627 1410 1687 motus

224 1747 285 1811 hoe
315 1746 384 1811 loeo
416 1746 535 1831 gratias
564 1766 625 1829 ugo
648 1746 817 1823 omuibus,
843 1766 978 1829 quorum
1003 1745 1189 1809 eruditionis
1212 1745 1349 1810 fructum
1373 1745 1408 1809 in

222 1869 334 1933 studiis
361 1869 438 1933 meis
461 1867 646 1932 academicis
669 1868 816 1957 percepi„

268 1990 355 2053 Ante
387 2010 495 2053 omues
526 1989 586 2052 viri
612 1992 674 2053 duo
703 1989 781 2052 mihi
806 1988 1075 2053 commemorandi
1098 1994 1180 2053 sunt
1207 1990 1333 2053 Primus
1355 1993 1409 2066 tu,

223 2111 273 2176 vir
316 2110 487 2173 clarissime
531 2130 595 2173 vau
632 2109 806 2192 Lnnuwnu,
845 2114 1007 2193 promotor
1041 2110 1301 2187 honoratissime,
1336 2110 1408 2194 qui,

226 2253 417 2315 quamquam
443 2235 514 2295 tuas
537 2231 660 2296 scholas
683 2231 886 2316 frequentare
910 2232 988 2295 mihi
1011 2235 1189 2316 temporum
1212 2233 1294 2296 ratio
1313 2235 1410 2296 dene·

226 2353 332 2437 gavit,
370 2355 476 2415 tamen
511 2353 604 2435 quasi
634 2353 688 2416 diu
719 2353 909 2437 discipulum
933 2352 1096 2417 habuisses
1118 2353 1153 2416 in
1176 2352 1237 2417 hoe
1260 2353 1411 2437 opusculo

226 2475 454 2539 conscribendo
487 2474 642 2559 singulari
673 2497 724 2539 me
756 2475 906 2559 adjuvisti
938 2474 1174 2560 benevolentia,
1200 2474 1320 2539 nullam
1345 2494 1411 2538 uon

227 2595 305 2658 mihi
328 2596 454 2660 navasti
478 2616 617 2680 operam.

271 2714 337 2780 Neo
368 2716 471 2780 minus
502 2722 595 2800 grato
624 2718 730 2782 animo
762 2738 838 2802 erga
860 2721 893 2781 te
915 2739 1001 2793 sum,
1027 2718 1075 2780 vir
1097 2717 1268 2781 clarissime
1290 2714 1411 2782 (lorne-

226 2838 337 2919 lissen,
363 2817 456 2921 quem
480 2859 545 2902 nou
570 2840 672 2903 solum
695 2840 731 2903 in
754 2839 857 2924 spatio
877 2838 1055 2903 academico
1074 2838 1128 2903 sed
1149 2838 1243 2902 etiam
1265 2838 1300 2901 in
1319 2857 1412 2921 gym-

229 2958 308 3021 nasii
323 2987 326 2991 ·
341 2958 487 3022 tirooiuio
522 2964 757 3044 praeceptorem
788 2960 905 3024 babere
936 2958 1015 3023 mihi
1037 2959 1189 3044 contigit,
1215 2959 1303 3024 ouius
1326 2981 1411 3023 sum-

229 3100 314 3141 mum
344 3078 379 3142 in
411 3101 461 3143 me
493 3079 631 3143 studium
665 3083 698 3144 et
727 3080 980 3145 benevolentiam
1010 3085 1157 3164 expertus
1180 3102 1249 3145 sum
1272 3080 1412 3164 quoties·

228 3219 352 3282 eunque
374 3199 525 3264 auxilium
550 3204 640 3265 tuum
664 3201 820 3270 invocavi.

271 3318 430 3383 Beuefieia
454 3324 559 3387 vestra
582 3344 757 3406 numquam
781 3323 859 3387 mihi
883 3324 1028 3388 exoideut
1051 3346 1069 3389 e
1091 3324 1249 3388 memoria
