3250 5217
766 434 808 499 91

194 611 305 700 Neque
338 612 497 698 Erinnyes
532 614 683 679 dubitent
715 613 829 681 Jovem
859 615 961 681 ridere
990 613 1187 701 praeclarum
1217 613 1378 700 parricidii

193 722 348 807 ultorem,
382 720 438 806 qui
469 720 614 785 videlicet
643 720 711 806 ipse
741 724 865 807 patrem
888 744 979 787 suum
1002 722 1038 786 in
1060 720 1188 787 vincula
1210 721 1384 806 conjecerit

195 827 377 915 (Eumenid.
407 827 472 892 640
501 829 601 913 sqq.)!
636 826 802 913 Nusquam
832 832 940 894 temen
971 827 1191 893 vehementius
1221 849 1381 894 summum

196 936 290 999 deum
310 936 406 1019 poeta
423 933 710 1019 insectatur'quam
729 934 763 998 in
784 934 990 1013 Prometheo,
1006 934 1063 1000 ubi
1074 957 1145 1000 eum
1157 935 1196 999 ad
1208 933 1379 1019 imaginem

196 1040 403 1106 erudelissimi
445 1040 576 1125 tyranni
591 1040 615 1126 ¹)
649 1040 790 1125 redegit,
825 1041 948 1126 ipsique
980 1039 1215 1124 Iapetionidas,
1250 1040 1306 1126 qui
1340 1039 1381 1103 ob

196 1146 351 1213 beneficia
369 1147 404 1211 in
422 1167 524 1231 genus
543 1147 718 1212 humanum
734 1146 852 1213 collata
871 1148 1039 1214 dudssimo
1060 1147 1195 1214 afficitur
1206 1146 1381 1232 supplicio,

196 1252 297 1320 levem
319 1255 447 1318 tantum
467 1253 594 1338 culpam
612 1253 733 1318 invitus
750 1275 850 1339 prope
872 1253 996 1318 tribuit.
1020 1253 1069 1319 De
1087 1255 1147 1320 hac
1165 1253 1275 1318 fabule
1287 1251 1380 1337 quid·

196 1382 294 1446 quam
325 1361 463 1426 statuere
491 1358 648 1425 lubricum
676 1363 741 1444 est,
773 1360 928 1444 siquidem
958 1359 1084 1426 interiit
1106 1360 1142 1425 σύ
1165 1357 1234 1439 ἕξης
1259 1358 1381 1442 δρᾶμα,

196 1465 404 1532 Prometheus
433 1486 476 1531 sc.
501 1463 664 1549 λνύμενσς,
690 1486 753 1549 quo
777 1466 921 1552 suspicor
941 1487 1008 1531 non
1032 1466 1257 1532 Prometheum
1279 1465 1383 1531 solum

196 1573 251 1638 sed
273 1572 364 1638 Joris
385 1571 480 1637 etiam
503 1572 651 1658 aenigma
673 1572 813 1637 solutum
837 1571 951 1651 fuisse,
970 1573 1056 1658 quod
1075 1572 1247 1639 lectoribus
1266 1593 1383 1657 propo·

197 1680 262 1745 suit
284 1678 420 1764 scriptor
442 1678 554 1744 Jovem
577 1683 643 1744 tam
666 1679 798 1744 mirifice
821 1701 955 1765 pravum
978 1679 1113 1765 fingens.
1148 1677 1249 1745 Credo
1275 1683 1384 1743 tamen

197 1787 324 1871 poetam
355 1785 416 1852 hoc
443 1806 568 1872 quoque
598 1786 682 1871 quod
712 1789 856 1871 superest
881 1788 1025 1851 dramate
1047 1807 1225 1872 proponere
1248 1786 1383 1852 voluisse

197 1891 361 1957 audaciam
392 1892 554 1957 scelestam
585 1896 770 1978 pereuntem
799 1896 886 1978 qnod
908 1892 1023 1967 summi
1047 1892 1188 1958 numinis
1205 1892 1294 1977 jussa
1316 1911 1382 1956 non

199 1998 412 2065 observaverit
435 1998 511 2085 (rid.
536 2017 592 2084 pg.
616 1998 818 2085 proximam).

242 2102 420 2190 Aeschylus
449 2103 549 2189 igitur
579 2105 696 2189 partim
723 2126 881 2182 summam
900 2105 1045 2191 justitiae
1068 2126 1176 2171 curam
1199 2104 1259 2170 diis
1280 2103 1382 2187 assig-

198 2210 299 2275 nebat
321 2191 438 2295 partim
460 2209 690 2277 sollicitabatur
712 2212 839 2279 traditis
862 2234 971 2277 eorum
995 2212 1090 2279 vitiis.

242 2316 284 2383 In
313 2317 470 2403 plerisque
501 2316 730 2403 Sophoclis
760 2319 932 2405 tragoediis
960 2318 1051 2385 nulla
1073 2321 1205 2403 apparet
1226 2315 1286 2382 fati
1306 2337 1382 2381 auc·

199 2423 331 2503 toritas,
362 2424 425 2489 nisi
454 2427 540 2509 quod
569 2424 675 2490 variae
701 2446 854 2510 personae
877 2446 935 2511 pro
958 2447 1063 2491 rerum
1087 2428 1175 2490 statu
1196 2443 1383 2508 morumque

200 2550 328 2594 suorum
351 2531 532 2595 constantia
550 2531 594 2617 (r.
615 2552 669 2616 pg.
691 2531 745 2615 31)
766 2531 860 2597 aliter
878 2551 972 2617 agere
990 2554 1057 2598 non
1077 2532 1382 2617 possuntacagunt.

200 2635 240 2701 In
271 2635 448 2703 Philoctete
470 2660 543 2705 vero
568 2636 759 2724 Oedipisque
781 2640 904 2705 dnobus
926 2640 1035 2705 omnia
1055 2638 1124 2704 fato
1147 2638 1241 2704 fiunt.
1264 2636 1384 2703 Verum

200 2745 342 2826 praestat
371 2742 485 2809 dixisse
515 2766 620 2810 rerum
644 2748 795 2810 eventum
818 2749 913 2811 antea
934 2745 1031 2811 fuisse
1056 2744 1265 2810 constitutum
1288 2765 1307 2808 a
1331 2764 1384 2808 su·

200 2848 321 2932 periore
355 2849 501 2928 numine;
537 2850 638 2915 fatum
672 2851 757 2915 enim
787 2852 872 2936 apud
903 2873 976 2917 cum
1003 2872 1161 2936 nusquam
1185 2853 1385 2935 segregatum

200 2974 269 3019 esse
294 2954 420 3020 videtur
442 2977 462 3019 a
484 2958 614 3022 deorum
636 2956 788 3042 imperio,
811 2978 947 3044 quornm
970 2960 1128 3043 potestate
1150 2956 1292 3021 humana
1316 2977 1384 3020 om-

200 3058 255 3124 nia
277 3059 549 3126 administrantur.
573 3061 677 3151 Nemo
699 3063 802 3148 magis
821 3063 1055 3129 commendavit
1074 3063 1281 3147 σωφροσύνην,
1303 3082 1385 3145 quae

201 3165 388 3250 cupiditates
410 3171 570 3248 coerceat,
593 3169 797 3254 animumque
820 3170 860 3234 ab
884 3169 972 3235 omni
995 3168 1093 3233 nimio
1113 3166 1277 3244 cohibeat3
1297 3188 1383 3230 eam·

201 3294 261 3357 que
294 3272 414 3360 Ulyssis
436 3274 575 3361 imagine
597 3276 807 3363 pulcherrime
829 3275 1051 3363 illustraritl).
1074 3275 1185 3360 Neque
1215 3272 1382 3360 quisquam

214 3456 384 3471 -ᾕ-ιι--ι

468 3568 574 3637 ἤλπιζον
590 3566 664 3630 εἶναι,
680 3575 786 3638 μαντικῇ
804 3570 877 3636 βρύον
893 3568 981 3637 σύχνη.

465 3653 478 3702 δ
495 3652 518 3703 δ’
535 3652 613 3714 odric
629 3652 722 3717 ύμνύύν,
739 3652 817 3713 αύσύς
834 3652 859 3705 ἦν
876 3653 939 3720 ύσύνη
955 3652 1053 3717 uncia,

466 3733 544 3795 αὐτὸς
561 3735 619 3786 τύδ’
636 3735 722 3795 riade,
739 3734 817 3795 σύσύς
833 3734 903 3789 ἔστιν
919 3737 934 3786 d
949 3737 1045 3787 κσνννύνν

467 3818 511 3867 σύν
526 3816 606 3868 παῖδα
621 3819 665 3870 σύν
686 3814 753 3881 iada

203 3902 227 3950 e
242 3917 282 3966 pg.
300 3900 373 3949 eeu:
393 3898 434 3964 (e.
453 3899 501 3949 reo
519 3902 562 3966 n.)

500 3980 552 4040 ύιός
568 3982 614 4044 μὶν
630 3982 714 4033 αἰτίαν
730 3980 787 4047 φύσι
803 3984 920 4047 βροτοῖς,

465 4061 526 4113 tw
542 4068 654 4114 κακῶσαι
671 4063 742 4128 δῶμα
758 4064 893 4128 παμπήδην
911 4063 976 4129 ύύλη.

237 4147 264 4211 1)
283 4148 363 4212 Quare
378 4146 404 4197 in
420 4146 465 4197 hec
480 4146 559 4197 fabula
575 4162 658 4199 rursus
673 4148 717 4199 nti
732 4149 834 4214 imperio
851 4148 968 4212 subjector
985 4149 1035 4205 cet.
1054 4146 1084 4197 ci.
1101 4163 1140 4212 pg.
1158 4144 1200 4198 87.

236 4230 265 4297 2)
282 4231 312 4280 In
334 4230 404 4280 Aiace
428 4229 523 4294 Ulyrees
538 4246 568 4280 ne
582 4231 677 4281 Athena
692 4230 789 4296 quidem
803 4230 902 4295 jubente
920 4229 1017 4281 mimico
1032 4229 1125 4279 devicto
1141 4228 1257 4280 insultus
1273 4226 1327 4278 vult
1344 4228 1385 4277 sed

202 4328 257 4364 eum
272 4313 352 4379 potire
368 4313 507 4373 miseratum
525 4312 573 4363 rid.
591 4330 625 4365 vr.
644 4314 704 4364 121:

569 4391 711 4458 ἰπσικσιύρνσ
727 4393 755 4447 δύ
771 4412 806 4445 νιν

402 4472 521 4536 δύστηνον
536 4476 633 4540 tarrae,
650 4478 737 4541 καίπερ
751 4476 814 4529 ’darn
830 4477 957 4540 δνσμσνύ,

404 4557 514 4612 ύθσύνινύ
529 4558 580 4625 ὅτε
595 4558 818 4626 maurilanem
834 4562 910 4626 κινῇ,
