3250 5217
786 408 849 472 144

221 591 383 673 vituperat
397 590 431 674 ¹).
464 588 587 653 Verum.
617 589 721 673 Lycus
744 589 784 653 ab
808 588 946 653 Hercule
970 590 1039 653 sine
1061 588 1309 673 reprehensione
1330 586 1416 651 occi*-

222 697 325 773 ditur3
367 694 499 760 Hecuba
540 696 668 779 impune
705 696 955 779 Polymestorem
992 695 1155 759 ulciscitur
1188 716 1291 779 neque
1324 691 1414 777 Aga-

222 803 387 867 memnoni
417 825 535 888 poenas
567 803 638 879 dat3
663 802 758 866 etiam
783 803 818 865 in
844 802 955 866 Medea
979 801 1032 865 vix
1057 801 1255 886 improbatur
1279 798 1415 865 Creusae

223 907 431 993 Creontisque
451 908 571 973 caedes.
592 908 669 984 Ion,
693 908 739 971 vir
759 908 962 992 mitissimus,
985 930 1082 991 quum
1095 931 1114 971 a
1126 890 1242 991 Pythia
1262 906 1416 971 retinetur

223 1038 265 1081 ne
288 1014 440 1081 Creusam
463 1014 603 1099 occidat,
627 1014 800 1103 exclamat:
826 1035 957 1088 »nonne
981 1017 1109 1099 oportet
1130 1035 1181 1077 me
1202 1013 1344 1078 occidere
1363 1033 1415 1075 eos

225 1122 280 1206 qui
312 1120 391 1184 mihi
414 1122 549 1183 mortem
569 1120 735 1183 intendere
759 1119 953 1183 voluerunt?
976 1141 1074 1203 purus
1097 1118 1181 1183 euim
1206 1123 1239 1183 et
1260 1118 1416 1183 innocens

225 1230 275 1292 est
296 1226 478 1311 quicunqne
499 1225 646 1291 inimicos
666 1226 840 1291 interficit'’
855 1225 891 1311 2).
916 1224 987 1289 Hac
1010 1226 1044 1289 in
1068 1248 1102 1290 re
1125 1225 1293 1309 Euripides
1316 1224 1416 1310 igitur

226 1334 367 1398 nondum
381 1334 546 1417 proposuit
559 1332 707 1397 sublimia
718 1332 857 1397 Socratis
869 1333 971 1396 dicam
984 1354 1025 1395 an
1038 1332 1184 1396 Platonis
1196 1336 1365 1416 praecepta
1379 1332 1415 1416 ³),

225 1462 307 1526 quae
328 1461 520 1523 quemquern
544 1443 655 1503 vetant
677 1440 827 1524 injuriam
851 1439 969 1503 inferre
995 1438 1035 1503 iis
1055 1438 1206 1521 aquibus
1225 1460 1337 1523 passus
1357 1438 1417 1516 sit,

227 1547 405 1630 docentque
440 1546 539 1609 satius
571 1567 636 1610 esse
665 1545 818 1629 injuriam
850 1546 991 1629 accipere
1023 1566 1120 1630 qnam
1151 1544 1272 1622 facere,
1298 1543 1419 1608 -sed

228 1652 333 1737 potius
364 1655 490 1716 secutus
520 1655 568 1715 est
598 1652 801 1735 opinionem,
833 1674 929 1735 quam
961 1650 1107 1716 Socrates
1139 1651 1325 1716 Platonicus
1356 1658 1420 1722 τοῖς

228 1767 354 1830 πολλοῖς
386 1758 550 1835 attribuit,
588 1778 703 1842 eosque
735 1778 837 1821 mores
867 1758 1028 1835 laudarit,
1053 1779 1133 1842 quos
1156 1756 1253 1822 Solon
1278 1780 1297 1822 a
1320 1756 1421 1821 Musis

229 1864 356 1947 flagitat
378 1864 427 1928 his
451 1864 555 1928 verbis
579 1865 674 1949 (apud
698 1862 817 1947 Bergk.
843 1864 881 1927 fr.
909 1865 962 1941 13,
988 1864 1007 1926 5
1033 1871 1135 1947 sqq.):

412 1965 488 2036 εἶναι
513 1970 543 2034 δὲ
566 1970 685 2047 γλυκὺν
710 1967 765 2035 ὦδε
789 1971 911 2052 Φίλοις,
936 1970 1067 2050 ἐχθροῖσι
1091 1970 1122 2034 δὲ
1148 1969 1270 2049 πικρὸν,

412 2083 490 2141 τοῖσι
514 2076 570 2153 μὲν
594 2076 721 2154 αἰδοῖον,
745 2084 823 2140 τοῖσι
849 2078 879 2141 δὲ
904 2075 995 2140 δεινὸν
1016 2076 1123 2140 itera,

277 2183 365 2247 Haec
385 2182 495 2247 omnia
512 2182 613 2266 igitur
631 2183 673 2247 ab
685 2182 864 2267 aequalium
877 2182 1082 2267 opinionibus
1094 2204 1207 2267 parum
1220 2183 1429 2250 differebant.-

366 2432 384 2513 §
411 2432 441 2495 3.
471 2428 594 2495 Crimen
618 2454 740 2495 morum
765 2442 983 2513 corruptorum
1006 2432 1045 2494 ab
1068 2430 1279 2518 Aristophane

673 2537 825 2624 Ειιοριοι
846 2537 977 2603 eurum.

276 2722 337 2789 Sed
369 2723 558 2808 jamdudum
594 2720 657 2784 fert
689 2720 814 2783 animus
845 2720 1001 2805 indagare
1027 2724 1184 2805 qnatenus
1207 2744 1226 2786 a
1249 2722 1425 2807 praeceptis

233 2829 364 2907 ethicis,
396 2849 476 2913 quae
507 2826 604 2911 vulgo
628 2826 789 2903 valerent,
813 2826 848 2889 in
872 2828 1059 2891 deteriorem
1083 2832 1214 2911 partem
1230 2829 1422 2906 discesserit,

232 2941 265 3001 et
294 2935 369 3019 quid
393 2935 524 2999 tandem
548 2932 628 2996 illud
654 2932 753 2996 sitin
778 2931 1080 3019 quo-Aristophani
1103 2933 1235 3019 aliisque
1259 2934 1424 2999 nonnullis

232 3064 356 3107 morum
378 3043 545 3126 corruptor
569 3040 656 3104 visus
675 3039 725 3103 sit.
747 3038 851 3123 Ipsius
871 3038 1013 3104 criminis
1032 3042 1222 3128 documenta
1243 3047 1370 3107 exstant
1388 3044 1424 3106 in

233 3148 351 3225 Ranis3
374 3148 512 3233 primum
537 3168 566 3211 v.
594 3144 657 3211 771
682 3167 769 3231 sqq.:
831 3171 833 3174 ·

460 3250 510 3318 ὅτε
536 3254 570 3327 δὴ
599 3253 730 3327 κατῆλθ’
753 3252 937 3337 Εὐριπίδης,
962 3254 1153 3319 ἐπεδείκνυτο

457 3367 520 3430 τοῖς
544 3360 735 3431 λωποδύταις
760 3358 811 3422 καὶ
837 3366 914 3423 τοῖοι
936 3360 1220 3437 βαλλαντιοτόμοις

461 3464 512 3529 καὶ
537 3474 614 3531 τοῖσι
639 3465 859 3543 πατραλοίαισι
884 3465 936 3529 καὶ
960 3465 1179 3547 τοιχωρύχοις,

460 3569 530 3651 ὅπερ
555 3569 620 3635 ἔστ’
646 3572 675 3635 ἐν
697 3568 802 3637 ’Ἃιδου
828 3574 959 3649 πλῆθος,
985 3574 1009 3637 οἱ
1035 3571 1244 3651 δὀὶκροῶμενοι

237 3762 413 3772 -α--ι-ι

269 3876 296 3941 1)
321 3876 394 3941 Apud
418 3874 491 3923 Thuc.
515 3871 555 3922 111
577 3888 597 3922 c.
622 3874 653 3923 ts
676 3871 782 3922 Thebani
799 3888 813 3921 a
831 3871 959 3938 Spartiatis
981 3870 1055 3921 vitam
1074 3871 1118 3921 sibi
1136 3871 1305 3938 deprecentur,
1323 3874 1387 3940 quod
1404 3892 1429 3924 se

234 3958 280 4023 ipsi
296 3957 441 4007 tradiderint
457 3955 483 4006 in
500 3970 581 4005 corum
599 3958 753 4020 potestatem.
767 3957 847 4019 Quam
861 3970 912 4003 rem
925 3955 1025 4004 fortem
1039 3954 1083 4004 illa
1097 3956 1225 4004 Alcmenae
1236 3957 1430 4008 Atheniensium·

235 4055 280 4104 que
297 4038 447 4088 contentione
463 4038 592 4102 significari
609 4054 680 4103 supra
698 4038 818 4102 disputavi
836 4038 896 4091 (vid.
915 4054 953 4102 pg.
971 4039 1002 4086 13
1019 4042 1072 4101 sq.).

269 4123 297 4187 2)
315 4121 413 4171 Hecuba
436 4121 471 4181 (in
487 4137 553 4184 cogn.
572 4121 608 4169 dr.
627 4122 676 4168 844
693 4121 741 4185 eq.)
760 4123 964 4183 Agamemnonem
980 4122 1062 4169 monet
1079 4120 1149 4184 probi
1166 4124 1191 4170 et
1208 4122 1299 4171 strenui
1317 4138 1365 4175 esec
1383 4123 1430 4173 viri

235 4203 311 4255 malos
328 4202 414 4267 ubique
430 4218 521 4252 vexare.

242 4336 244 4343 ,
270 4288 298 4351 a)
321 4286 392 4335 ento
415 4284 484 4335 orno
505 4300 544 4350 pg.
569 4285 602 4333 ιο
618 4285 655 4344 o,
679 4286 752 4350 corp.
776 4302 816 4351 pg.
840 4286 889 4334 ιιι
904 4286 941 4345 u,
966 4287 1014 4336 soe
1032 4288 1062 4346 u,
1081 4288 1108 4335 n
1142 4289 1173 4336 n
1199 4288 1298 4337 cetone
1322 4274 1431 4339 aenea

240 4370 344 4419 testetur
366 4368 411 4417 sibi
432 4367 493 4417 illud
514 4366 655 4430 jamdudum
677 4368 804 4433 placuissa3
825 4384 908 4418 verum
925 4369 987 4434 apud
1005 4370 1065 4418 Xen.
1084 4370 1159 4420 Mem.
1179 4371 1207 4419 ΙΙ
1225 4372 1248 4429 3,
1266 4371 1298 4419 14
1315 4374 1339 4420 et
1357 4371 1380 4429 d,
1399 4372 1431 4420 bb

236 4452 301 4501 idem
323 4450 418 4501 disertis
441 4448 519 4499 verbis
542 4450 577 4500 ait
604 4466 722 4501 summam
738 4451 855 4501 virtutem
871 4467 920 4500 esse
941 4451 1029 4501 amicos
1045 4468 1160 4517 occupare
1177 4452 1306 4513 beneficiis,
1324 4453 1433 4502 inimicos

239 4533 368 4591 maleficiis.
385 4533 495 4583 Praestat
511 4532 611 4585 leneus
628 4532 690 4581 illud
707 4533 793 4596 dogma
810 4533 910 4582 Plutoni
926 4548 999 4596 qnsm
1015 4535 1108 4584 Socrati
1124 4534 1249 4586 ascribere.
