3250 5217
779 419 842 485 140

213 600 391 665 rationibus
424 604 534 687 novis,
579 625 637 669 nec
667 604 770 669 solum
801 625 872 667 cum
903 604 1085 687 purioribus
1116 604 1171 669 sed
1202 603 1299 668 etiam
1331 626 1408 668 cum

211 707 429 776 deterioribus.
463 709 512 773 Ex
543 732 575 775 se
606 710 799 795 intelligitur
828 731 904 775 sane
935 732 972 774 ea
996 732 1062 775 non
1085 711 1236 775 distincte
1258 715 1408 796 separata

212 836 295 892 esse,
328 818 360 879 et
383 816 554 881 verendum
580 820 628 881 est
651 839 691 881 ne
715 817 861 881 stolidius
885 820 917 881 et
939 816 1081 901 putidius
1103 816 1269 900 ingenium
1293 816 1408 880 buma-

212 943 289 985 num
333 922 368 985 in
404 920 541 987 frustula
572 924 725 989 dissecare
756 924 882 1001 videar,
917 961 958 972 -
990 928 1209 987 verumtamen
1241 923 1408 1008 perspicue

211 1027 374 1113 disputare
398 1050 464 1093 non
493 1051 622 1112 possum
646 1030 709 1095 nisi
731 1030 772 1094 ad
794 1028 880 1094 hanc
898 1029 1105 1115 partitionem
1125 1028 1232 1093 omnia
1252 1028 1408 1114 disposita

211 1155 400 1201 recenseam.
425 1136 486 1202 Sed
511 1137 695 1221 priusquam
720 1140 760 1200 ad
783 1136 842 1201 bas
865 1122 1182 1220 partes'siugulatim
1201 1135 1406 1218 explicandas

212 1245 372 1306 transeam
402 1264 522 1326 paucae
554 1244 732 1307 sententiae
755 1244 964 1328 apponendae
987 1245 1082 1319 sunt,
1105 1263 1185 1325 quas
1210 1240 1406 1306 conditionis

211 1346 298 1411 illius
322 1348 487 1432 ancipitis,
512 1370 585 1412 cum
609 1349 781 1433 deperditis
802 1348 943 1432 antiquis
962 1346 1142 1411 rationibus
1161 1367 1263 1411 novae
1282 1347 1405 1430 eligen-
1508 1361 1512 1366 ’

212 1455 271 1517 dae
293 1457 416 1531 essent,
440 1455 629 1520 documenta
652 1476 718 1519 esse
740 1458 829 1540 puta.
935 1437 938 1441 Δ
1412 1466 1417 1469 ’

257 1557 297 1622 In
313 1558 472 1643 Eurystb.
496 1560 600 1645 Satyr.
625 1560 752 1625 dicebat
774 1560 889 1644 aliquis
912 1559 966 1644 (tr.
992 1560 1084 1637 3?7):

416 1668 470 1730 οὐκ
495 1662 548 1731 οἷδ’
571 1664 628 1746 ὅτῳ
648 1669 709 1747 χρὴ
734 1665 835 1730 κανόνι
860 1667 918 1735 riu
941 1667 1057 1743 βροτῶν
1082 1665 1187 1743 τύχας
1277 1690 1280 1696 ’

415 1772 500 1849 ὀρθῶς
525 1774 689 1852 disiacus?
714 1773 825 1837 εἰδέναι
851 1773 886 1836 ri
912 1773 1064 1850 δραστέον,

211 1877 325 1961 quibus
358 1879 509 1943 convenit
538 1882 675 1945 secunda
705 1903 779 1966 pars
796 1880 984 1963 'fragmenti
1021 1880 1085 1943 inc.
1110 1879 1196 1956 904,
1221 1875 1277 1941 ubi
1300 1876 1361 1941 hoc
1385 1899 1405 1940 a

210 2004 333 2047 summo
357 1987 416 2049 ded
440 1985 621 2071 flagitatur:

511 2093 636 2175 πέμψον
658 2094 715 2173 μὲν
738 2093 804 2175 Φῶς
830 2101 938 2174 ψυχῆς
965 2093 1065 2170 ἐνέρων

508 2210 572 2270 σοῖο
596 2201 792 2277 βουλομένοις
818 2198 928 2270 ἄθλους
954 2202 1129 2277 σρομαῖεῖν,

510 2308 598 2371 πόθεν
624 2306 796 2389 ἔβλαστον,
822 2307 869 2378 τίς
894 2306 962 2387 ῥίζα
986 2312 1096 2383 κακῶν,

507 2414 576 2477 τίνα
603 2414 650 2478 δεῖ
671 2413 818 2492 μακάρων
843 2412 1064 2487 ἕνῖνσαμένονς

507 2520 602 2597 εὑρεῖν
625 2520 750 2602 μόχθων
773 2519 973 2586 destructur.

257 2624 349 2689 Tales
378 2646 501 2710 preces,
535 2627 650 2710 quibus
676 2628 822 2693 homines
845 2630 939 2691 deum
962 2630 1081 2711 rogant
1105 2630 1141 2689 ut
1163 2627 1224 2691 sibi
1249 2624 1406 2693 monstret

212 2730 368 2810 originem
381 2731 506 2815 generis
518 2733 667 2816 humani,
681 2734 838 2818 originem
851 2733 945 2809 mali,
958 2734 1112 2818 optimam
1126 2732 1290 2817 religionis
1303 2734 1404 2810 viam,

211 2837 264 2901 vix
289 2859 307 2900 a
331 2836 453 2903 Graeco
476 2839 566 2903 fonte
589 2861 718 2903 manare
743 2840 908 2922 videntur3
934 2842 1019 2923 apud
1041 2840 1162 2922 priores
1186 2843 1271 2903 certe
1287 2838 1407 2903 trustra

211 2944 389 3026 quaesieris.
410 2942 479 3009 Nec
494 2946 626 3009 mirum:
641 2948 715 3010 dum
730 2967 833 3009 mores
846 2948 974 3029 patrum
988 2945 1071 3008 viam
1084 2945 1272 3009 indicabant
1285 2945 1404 3009 nemini

211 3048 370 3114 dubitatio
398 3072 561 3135 surrepere
585 3056 709 3137 poterat
732 3052 808 3135 quid
833 3051 893 3115 sibi
916 3054 998 3115 esset
1019 3050 1219 3126 laciendum3
1243 3051 1308 3115 illis
1332 3072 1405 3115 vero

209 3155 442 3221 collabentibus
464 3155 645 3221 huiusmodi
668 3158 868 3242 quaestiones
892 3157 967 3221 oriri
991 3160 1175 3241 coeperunt.
1324 3172 1345 3205 ⁸

256 3263 330 3330 Jam
353 3268 552 3330 transeamus
575 3267 615 3330 ad
639 3266 782 3350 singulas
805 3270 912 3350 partes
926 3263 962 3351 1).

234 3480 252 3562 ξ
274 3480 303 3543 2.
333 3479 489 3559 Quatenus
508 3480 677 3566 Euripides
697 3504 764 3545 oum
782 3481 975 3567 opinionibus
994 3480 1171 3565 vulgaribus
1190 3482 1382 3545 consenserit.

255 3644 294 3708 In
323 3645 428 3710 Partis
451 3646 563 3710 tertiae
595 3646 831 3731 prolegomenis
864 3649 902 3711 de
933 3668 1038 3711 rerum
1064 3647 1244 3712 divinarum
1270 3648 1403 3712 notione

210 3752 295 3837 apud
315 3751 452 3817 Graecos
472 3753 608 3818 vidimus
620 3775 776 3817 summam
790 3753 940 3817 virtutem
952 3753 991 3817 iis
1003 3753 1102 3817 visam
1116 3776 1182 3819 esse
1194 3753 1404 3834 σωφροσύνην,

242 3976 268 4040 l)
295 3975 389 4025 Multas
416 3976 478 4040 apud
502 3977 611 4025 nostram
634 3975 748 4039 leguntur
771 3975 903 4025 sententiae
925 3975 1075 4025 acutissimae
1097 3979 1121 4024 et
1137 3974 1274 4025 verissimas
1291 3974 1405 4023 derebus

208 4057 360 4123 moribusque
386 4058 510 4115 humanis,
534 4074 592 4123 quas
617 4063 697 4107 tamen
719 4058 852 4123 praeterire
873 4059 934 4108 mihi
956 4058 1035 4124 potius
1058 4058 1135 4107 visum
1157 4061 1205 4116 est,
1228 4073 1303 4121 quum
1320 4056 1349 4105 ad
1367 4071 1405 4105 ra·

206 4140 297 4189 tionem
322 4143 412 4188 certam
438 4140 543 4188 revocari
560 4156 608 4187 non
627 4140 718 4204 possint
736 4138 911 4189 observationes
928 4145 1063 4205 separatae,
1081 4139 1162 4204 quales
1176 4138 1205 4187 ab
1219 4140 1325 4189 omnium
1340 4141 1405 4187 aets-

207 4225 261 4272 tum
283 4221 419 4271 hominibus
436 4221 556 4285 sagacibus
573 4223 685 4271 eduntur.
704 4222 789 4272 Velut:
810 4224 906 4288 superbi
923 4224 1021 4271 moleste
1037 4222 1119 4270 ferunt
1136 4221 1264 4271 humilium
1281 4222 1406 4270 hominum

207 4305 326 4354 orationes
353 4305 466 4353 rectiores
493 4305 664 4369 (Andromach.
691 4306 766 4367 189);
796 4306 884 4356 nimiae
907 4305 987 4354 laudes
1009 4304 1134 4354 fastidiam
1156 4304 1253 4369 pariunt
1270 4304 1404 4367 (Heraclii.

203 4388 275 4448 ibib,
298 4387 402 4435 infelices
426 4386 571 4435 felicioribus
597 4387 683 4436 infensi
707 4392 763 4437 sunt·
786 4388 854 4453 (ipb.
881 4387 908 4438 Τ.
926 4388 1003 4451 353),
1029 4385 1188 4451 unusquisque
1205 4386 1250 4436 sibi
1267 4387 1317 4453 ipss
1333 4386 1405 4436 caris·

203 4458 332 4535 simusiest
348 4470 432 4531 '(Mcd.
458 4470 512 4534 86);
534 4470 642 4519 homines
665 4470 749 4519 amicis
775 4468 909 4519 recentibus
933 4469 1013 4534 potius
1030 4484 1115 4534 parere
1136 4469 1215 4519 solent
1231 4485 1302 4533 quam
1319 4468 1404 4533 quibus

205 4552 246 4601 diu
263 4552 299 4600 usi
318 4544 375 4601 snut
392 4552 564 4615 (Andromach.
583 4552 652 4610 cic).
1390 4552 1394 4557 ’
