3250 5217
769 421 812 485 23

246 606 326 672 (inm
350 605 480 671 nemine
502 608 609 669 tamen
636 603 795 669 amicitiae
819 604 956 669 vinculis
979 605 1182 689 conjunctior
1203 603 1300 668 fuisse
1325 626 1392 688 per·

199 714 337 790 hibetur,
362 734 427 777 uno
451 711 645 795 Anaxagora
669 714 811 796 excepto,
832 709 982 787 Quamvis
993 710 1029 774 in
1041 711 1181 775 naturali
1191 710 1393 795 philosophia

201 821 267 885 eius
298 819 519 884 auctoritatem
545 818 646 881 multo
671 818 777 883 minus
801 818 844 881 sit
867 820 992 881 secutus
1014 838 1110 900 quam
1129 817 1225 901 vulgo
1237 816 1392 894 creditur,

201 929 240 991 ut
260 926 346 989 infra
369 925 536 989 ostendere
555 924 695 989 conabor
710 924 808 1009 (Part.
824 924 881 1009 ΙΙ),
902 923 1043 986 moribus
1055 925 1162 987 tamen
1174 923 1202 987 ei
1214 922 1394 987 simillimus

202 1031 299 1097 fuisse
322 1032 458 1096 videtur.
482 1030 640 1095 Narratur
664 1031 749 1093 enim
773 1029 827 1093 ille
851 1051 976 1114 quoque
999 1029 1108 1093 omnis
1130 1028 1306 1113 neglexisse
1317 1050 1393 1113 prae

203 1142 336 1203 naturae
360 1137 543 1221 cognitione
557 1135 589 1215 ¹).
614 1135 756 1220 Uterque
780 1140 848 1199 erat
871 1136 990 1215 tristis,
1004 1134 1282 1219 alienusarisu2),
1296 1136 1393 1200 mori·

202 1245 262 1309 hus
298 1244 392 1309 castis
428 1248 459 1308 et
492 1243 617 1309 severis.
651 1241 821 1327 Euripides
845 1264 932 1306 sane
955 1264 1046 1306 suum
1070 1242 1232 1306 muliebris
1255 1242 1395 1306 levitatis

201 1352 311 1415 odium
341 1350 522 1433 saepissime
554 1349 743 1427 declaravit,
775 1357 940 1432 castosque
961 1348 1093 1433 juvenes
1116 1349 1268 1415 laudarit.
1301 1347 1395 1412 Veri-

203 1458 306 1521 simile
339 1459 387 1521 est
418 1476 490 1519 eum
524 1456 620 1519 etiam
645 1454 755 1519 ceteris
779 1457 990 1539 Anaxagorae
1012 1454 1175 1538 discipulis
1197 1453 1396 1518 familiariter

203 1586 297 1629 usum
320 1562 425 1627 fuisse.
452 1560 593 1637 Quorum
616 1562 651 1625 in
676 1583 844 1626 numerum
868 1565 901 1625 et
924 1561 979 1624 alii
1002 1559 1184 1625 referuntur
1204 1598 1245 1609 -
1264 1563 1319 1625 sed
1331 1562 1395 1624 tes-

203 1670 348 1735 timoniis
372 1669 531 1752 ambiguis
549 1704 593 1716 -
614 1690 633 1731 a
656 1668 729 1732 fidis
751 1690 827 1733 vero
847 1668 1029 1732 auctoribus
1048 1667 1185 1732 Pericles
1198 1664 1235 1753 ³),
1255 1666 1310 1751 qui
1331 1685 1396 1729 non

202 1776 310 1841 minus
329 1776 445 1841 severis
464 1775 527 1840 fuit
550 1774 710 1853 moribuS,
735 1774 854 1859 quippe
877 1773 1028 1854 ἄθρυπτος
1053 1776 1096 1843 εἷς
1122 1774 1248 1852 γέλωτα
1273 1780 1396 1852 (secun-

204 1883 279 1947 dum
306 1882 538 1967 Plutarchum),
563 1885 611 1960 et,
637 1904 709 1947 cum
732 1884 836 1945 totam
859 1882 956 1945 vitam
977 1883 1176 1945 consumeret
1186 1881 1221 1944 in
1233 1880 1397 1965 republica

204 1990 361 2074 regende,
392 1990 516 2053 assidue
548 1993 673 2066 tamen,
705 1991 862 2074 quantum
892 2009 950 2072 per
980 1987 1042 2053 hoc
1065 2008 1182 2051 munus
1205 1986 1312 2071 lierni,
1337 1986 1397 2051 ho-

205 2095 328 2159 minum
352 2098 475 2159 coetum
500 2095 622 2159 vitavit.

249 2200 419 2286 Euripides
438 2222 505 2265 non
524 2201 626 2265 solum
648 2201 775 2265 auditor
795 2200 979 2285 disciplinas
998 2198 1235 2285 philosophicas
1246 2199 1399 2283 coguovit

204 2332 312 2375 eorum
344 2309 400 2392 qui
424 2307 559 2373 Athenis
580 2308 806 2386 morabantur,
832 2309 886 2373 sed
909 2308 1106 2393 superiorum
1130 2328 1256 2391 quoque
1280 2306 1399 2390 scripta

204 2415 378 2492 lectitavit,
415 2415 500 2498 quod
536 2436 635 2497 quum
673 2414 885 2479 bibliothecae
915 2413 1173 2478 commemoratio
1185 2414 1213 2499 ⁴)
1242 2412 1397 2489 declarat,

204 2522 274 2585 tum
298 2521 416 2606 partim
439 2520 506 2605 ipse
530 2520 710 2586 affirmavit.
723 2504 844 2585 ‘Vsbus
868 2542 965 2605 supra
987 2520 1135 2599 laudatis,
1161 2518 1226 2584 965
1247 2539 1333 2604 sqq.:

590 2635 725 2707 κρεῖττον
750 2626 833 2691 οὐδὲν
856 2627 1019 2705 Ἀντίγονος

591 2730 695 2814 ηὗρον,
721 2733 786 2799 οὐδὲ
810 2758 840 2799 τι
866 2733 1034 2813 Φάρμακον

597 2841 752 2920 Θρήοτοοις
777 2840 807 2903 ἕν
831 2840 948 2905 τοινὶτιν
973 2839 1033 2911 τὰς

602 2948 738 3028 Ὀρφείοο
762 2946 964 3028 κατέγραψεν

602 3062 697 3134 γῆρυς
713 3101 813 3119 .....
839 3052 979 3137 Orphica
1014 3075 1047 3118 se
1077 3052 1191 3137 legisse
1221 3050 1400 3135 significat,

207 3162 322 3247 quibus
353 3162 478 3226 animus
510 3162 577 3226 eius
610 3160 701 3226 valde
723 3164 888 3245 permotus
911 3160 1009 3225 fuisse
1031 3160 1175 3245 videtur;
1199 3179 1290 3243 saepe
1313 3156 1399 3222 enim

206 3269 324 3354 scripta
348 3272 380 3333 et
402 3269 554 3353 mysteria
578 3266 716 3355 Orphica
737 3267 876 3351 respexit
888 3268 925 3353 ⁶).
1354 3271 1356 3274 ’

241 3496 267 3559 l)
288 3496 354 3560 Diog.
376 3496 406 3544 L.
425 3495 471 3555 (II.
491 3497 513 3545 3.
533 3494 569 3559 7.)
593 3494 667 3544 refert
681 3510 736 3543 eum
753 3494 864 3557 rogatum
879 3508 909 3541 an
926 3490 1031 3557 petrium
1047 3489 1110 3539 nihil
1127 3493 1223 3538 cureret
1240 3488 1393 3553 respondisse

208 3574 333 3639 Εὐφήμει,
356 3573 414 3637 ἐμοὶ
435 3576 478 3625 καὶ
503 3574 598 3639 σφόδρα
620 3574 692 3636 μέλει
715 3578 762 3633 τῆς
783 3572 916 3635 cuspides,
939 3571 1023 3638 δεῖξας
1040 3573 1083 3621 τὸν
1102 3570 1206 3633 οἷιρανόν.
1223 3571 1402 3621 Patrimonium

205 3676 299 3724 quoquc
314 3659 426 3723 neglexit,
440 3675 462 3707 v.
479 3659 547 3723 Diog.
562 3660 588 3707 L.
602 3659 638 3710 ΙΙ.
649 3660 671 3707 3.
683 3660 705 3717 6,
725 3658 796 3706 Plato
810 3657 886 3721 Hipp.
902 3656 958 3719 muj.
968 3673 991 3721 p.
1001 3656 1050 3705 283
1059 3658 1089 3714 Δ,
1109 3655 1172 3703 Plnt.
1183 3654 1225 3703 vit.
1235 3654 1321 3703 Pericl.
1330 3670 1350 3703 c.
1361 3654 1401 3703 16.

240 3743 267 3806 2)
285 3743 399 3792 Aelianus
417 3743 446 3790 V.
465 3743 499 3791 H.
517 3742 589 3791 VIII.
607 3758 627 3790 c.
646 3742 691 3790 13:
711 3740 880 3805 Ἀναξαγόραν
896 3736 959 3801 φατὶ
978 3737 1012 3800 μὴ
1029 3735 1147 3801 γελῶντά
1156 3753 1219 3785 τοτε
1227 3735 1327 3799 ὀφθῆναι
1336 3733 1402 3798 μήτε

206 3824 341 3887 μειδιῶντα
359 3825 404 3883 τὴν
424 3824 512 3888 ἀρχὴν.

241 3908 317 3959 Aulue
334 3908 426 3957 Gellius
444 3908 487 3971 (N.
507 3910 535 3957 A.
554 3908 605 3956 XV.
625 3924 644 3955 c.
662 3908 706 3971 20)
723 3906 783 3955 citet
800 3906 962 3955 Alexandrum
974 3904 1099 3954 Aetolum:

324 3988 337 4038 ὁ
355 3988 555 4055 wasemes
574 3991 694 4052 τρόφιμος
711 3992 789 4052 χαιοῦ
807 3989 931 4052 στρυφνὸς
949 3987 993 4048 μὲν
1010 3984 1099 4049 ’ἔμοιγε
1115 3987 1269 4046 προσαιτεῖν,

328 4072 371 4123 καῖ
388 4074 532 4136 μινογελὼρ
549 4071 592 4121 καῖ
608 4070 728 4137 τωθάζειν
746 4070 802 4121 obde
820 4072 878 4133 παρ’
894 4066 955 4119 οἶνον
972 4065 1126 4131 μεμαθηκώς.

246 4156 273 4209 3l
290 4156 415 4205 Plutarch.
433 4156 483 4205 vita
501 4154 587 4205 Pericl.
606 4172 624 4205 c.
644 4156 693 4215 IV,
712 4156 747 4215 V,
766 4155 817 4214 Vl,
835 4155 905 4205 Pluto
923 4154 1024 4204 Phaedr.
1042 4169 1066 4217 p.
1081 4151 1131 4204 270
1140 4153 1168 4200 A.

245 4238 273 4303 4)
290 4238 322 4287 nt
340 4238 427 4287 derisio
445 4239 508 4303 apud
525 4239 646 4303 Aristoph.
664 4239 724 4287 Rau.
744 4238 805 4297 943,
824 4238 897 4287 1409.

247 4324 271 4381 6)
288 4320 388 4387 Hippol.
407 4320 452 4378 26,
472 4320 520 4369 962
538 4335 596 4384 sqq,
616 4320 644 4369 Io
662 4321 718 4379 661,
734 4320 834 4385 Cyclops
849 4319 907 4375 646,
921 4319 951 4367 fr.
962 4316 1404 4380 904.Bemharuiuc(11,2.pg.4oo)

211 4403 269 4452 heco
286 4404 354 4453 dicit:
377 4405 451 4453 .Man
468 4402 561 4452 erfdhrt
578 4404 632 4451 dese
643 4419 675 4451 ‘er
692 4402 752 4451 auch
770 4402 807 4451 die
826 4401 949 4450 Schriften
967 4401 1009 4449 der
1026 4400 1149 4465 Orphikcr
1163 4400 1212 4458 las,
1230 4400 1306 4447 denen
1323 4414 1349 4447 cr
1366 4397 1405 4447 eh·

212 4486 307 4551 geneigt
325 4484 398 4537 war.''
423 4488 534 4551 Quonam
555 4484 628 4549 jure?
651 4484 729 4535 Verba
753 4500 825 4549 supra
845 4484 952 4549 apposita
969 4483 1011 4533 isti
1027 4483 1157 4533 sentcntiae
1173 4498 1220 4532 non
1237 4482 1329 4539 favent3
1348 4496 1405 4530 nam

212 4584 240 4617 ex
263 4585 290 4618 eo
314 4571 377 4634 quod
400 4568 555 4619 Necessitatis
572 4568 704 4618 remedium
721 4566 817 4617 nullum
835 4567 860 4616 in
878 4566 908 4615 iis
925 4565 1060 4631 scriptione
1077 4565 1194 4615 invenisse
1210 4563 1268 4613 dicit
1285 4578 1334 4612 non
1351 4563 1407 4611 licet
