<?xml version="1.0" encoding="UTF-8"?>
<!DOCTYPE html PUBLIC "-//W3C//DTD XHTML 1.0 Transitional//EN"
    "http://www.w3.org/TR/xhtml1/DTD/xhtml1-transitional.dtd">
<html xmlns="http://www.w3.org/1999/xhtml" xml:lang="en" lang="en">
 <head>
  <title>
</title>
<meta http-equiv="Content-Type" content="text/html;charset=utf-8" />
  <meta name='ocr-system' content='tesseract 3.04.00' />
  <meta name='ocr-capabilities' content='ocr_page ocr_carea ocr_par ocr_line ocrx_word'/>
</head>
<body>
  <div class='ocr_page' id='page_1' title='image "./commentatiodeeu00unkngoog_0061.png"; bbox 0 0 3250 5217; ppageno 0'>
   <div class='ocr_carea' id='block_1_1' title="bbox 777 426 819 493">
    <p class='ocr_par' dir='ltr' id='par_1_1' title="bbox 777 426 819 493">
     <span class='ocr_line' id='line_1_1' title="bbox 777 426 819 493; baseline 0 0"><span class='ocrx_word' id='word_1_1' title='bbox 777 426 819 493; x_wconf 86' lang='grc'>49</span> 
     </span>
    </p>
   </div>
   <div class='ocr_carea' id='block_1_2' title="bbox 198 609 1394 3682">
    <p class='ocr_par' dir='ltr' id='par_1_2' title="bbox 198 609 1391 1013">
     <span class='ocr_line' id='line_1_2' title="bbox 198 609 1387 700; baseline 0 -22"><span class='ocrx_word' id='word_1_2' title='bbox 198 614 343 700; x_wconf 90' lang='lat' dir='ltr'>pluribus</span> <span class='ocrx_word' id='word_1_3' title='bbox 375 612 511 677; x_wconf 73' lang='lat' dir='ltr'>elucebit</span> <span class='ocrx_word' id='word_1_4' title='bbox 537 610 736 675; x_wconf 79' lang='lat' dir='ltr'>testimoniis</span> <span class='ocrx_word' id='word_1_5' title='bbox 772 610 811 673; x_wconf 91' lang='lat' dir='ltr'>ln</span> <span class='ocrx_word' id='word_1_6' title='bbox 842 609 954 694; x_wconf 89' lang='lat' dir='ltr'>Odyss.</span> <span class='ocrx_word' id='word_1_7' title='bbox 990 610 1035 696; x_wconf 86' lang='lat' dir='ltr'>(V</span> <span class='ocrx_word' id='word_1_8' title='bbox 1068 613 1146 698; x_wconf 85' lang='grc'>184)</span> <span class='ocrx_word' id='word_1_9' title='bbox 1170 612 1325 699; x_wconf 78' lang='lat' dir='ltr'>Calypso,</span> <span class='ocrx_word' id='word_1_10' title='bbox 1351 613 1387 678; x_wconf 93' lang='lat' dir='ltr'>in</span> 
     </span>
     <span class='ocr_line' id='line_1_3' title="bbox 199 714 1388 804; baseline 0.002 -20"><span class='ocrx_word' id='word_1_11' title='bbox 199 719 330 804; x_wconf 88' lang='lat' dir='ltr'>Hymno</span> <span class='ocrx_word' id='word_1_12' title='bbox 349 717 519 782; x_wconf 88' lang='lat' dir='ltr'>Homerico</span> <span class='ocrx_word' id='word_1_13' title='bbox 542 717 582 781; x_wconf 87' lang='lat' dir='ltr'>ad</span> <span class='ocrx_word' id='word_1_14' title='bbox 601 714 784 800; x_wconf 82' lang='lat' dir='ltr'><strong>Apollinem</strong></span> <span class='ocrx_word' id='word_1_15' title='bbox 804 722 845 794; x_wconf 81' lang='lat' dir='ltr'>(v.</span> <span class='ocrx_word' id='word_1_16' title='bbox 869 717 925 793; x_wconf 87' lang='grc'>84)</span> <span class='ocrx_word' id='word_1_17' title='bbox 946 716 1070 781; x_wconf 85' lang='lat' dir='ltr'>Latona</span> <span class='ocrx_word' id='word_1_18' title='bbox 1086 720 1176 802; x_wconf 91' lang='lat' dir='ltr'>jurat</span> <span class='ocrx_word' id='word_1_19' title='bbox 1188 742 1245 803; x_wconf 89' lang='lat' dir='ltr'>per</span> <span class='ocrx_word' id='word_1_20' title='bbox 1258 720 1388 785; x_wconf 82' lang='lat' dir='ltr'>Terram</span> 
     </span>
     <span class='ocr_line' id='line_1_4' title="bbox 199 821 1391 911; baseline 0.001 -19"><span class='ocrx_word' id='word_1_21' title='bbox 199 832 232 892; x_wconf 88' lang='lat' dir='ltr'>et</span> <span class='ocrx_word' id='word_1_22' title='bbox 252 824 384 893; x_wconf 84' lang='lat' dir='ltr'>Ooelum</span> <span class='ocrx_word' id='word_1_23' title='bbox 403 829 437 888; x_wconf 94' lang='lat' dir='ltr'>et</span> <span class='ocrx_word' id='word_1_24' title='bbox 455 823 594 907; x_wconf 85' lang='lat' dir='ltr'>Stygem.</span> <span class='ocrx_word' id='word_1_25' title='bbox 616 822 654 886; x_wconf 92' lang='lat' dir='ltr'>In</span> <span class='ocrx_word' id='word_1_26' title='bbox 676 821 717 886; x_wconf 85' lang='lat' dir='ltr'>H.</span> <span class='ocrx_word' id='word_1_27' title='bbox 739 821 780 887; x_wconf 92' lang='lat' dir='ltr'>H.</span> <span class='ocrx_word' id='word_1_28' title='bbox 801 824 844 892; x_wconf 87' lang='grc' dir='ltr'>είς</span> <span class='ocrx_word' id='word_1_29' title='bbox 865 824 919 898; x_wconf 77' lang='grc' dir='ltr'><strong><em>την</em></strong></span> <span class='ocrx_word' id='word_1_30' title='bbox 932 825 1050 904; x_wconf 75' lang='grc' dir='ltr'><strong><em>μητέρα</em></strong></span> <span class='ocrx_word' id='word_1_31' title='bbox 1064 824 1185 889; x_wconf 83' lang='grc' dir='ltr'><strong><em>ποίντων</em></strong></span> <span class='ocrx_word' id='word_1_32' title='bbox 1197 876 1205 909; x_wconf 87' lang='grc'>,</span> <span class='ocrx_word' id='word_1_33' title='bbox 1218 828 1391 911; x_wconf 79' lang='lat' dir='ltr'>qua&#39;Pema</span> 
     </span>
     <span class='ocr_line' id='line_1_5' title="bbox 200 928 866 1013; baseline -0.006 -16"><span class='ocrx_word' id='word_1_34' title='bbox 200 932 364 997; x_wconf 71' lang='lat' dir='ltr'>extollitur</span> <span class='ocrx_word' id='word_1_35' title='bbox 387 930 553 1006; x_wconf 81' lang='lat' dir='ltr'>laudibus,</span> <span class='ocrx_word' id='word_1_36' title='bbox 575 928 694 1013; x_wconf 82' lang='lat' dir='ltr'>legitur</span> <span class='ocrx_word' id='word_1_37' title='bbox 719 929 762 1013; x_wconf 88' lang='grc' dir='ltr'><strong><em>(τ.</em></strong></span> <span class='ocrx_word' id='word_1_38' title='bbox 789 929 866 1007; x_wconf 68' lang='lat' dir='ltr'>ill:</span> 
     </span>
    </p>

    <p class='ocr_par' dir='ltr' id='par_1_3' title="bbox 358 1035 1198 1118">
     <span class='ocr_line' id='line_1_6' title="bbox 358 1035 1198 1118; baseline 0.002 -17"><span class='ocrx_word' id='word_1_39' title='bbox 358 1045 453 1117; x_wconf 80' lang='grc' dir='ltr'><strong><em>χαῖρε</em></strong></span> <span class='ocrx_word' id='word_1_40' title='bbox 477 1037 547 1099; x_wconf 77' lang='grc' dir='ltr'><strong><em>θεῶν</em></strong></span> <span class='ocrx_word' id='word_1_41' title='bbox 573 1044 685 1113; x_wconf 79' lang='grc' dir='ltr'><strong><em>μῆτερ,</em></strong></span> <span class='ocrx_word' id='word_1_42' title='bbox 711 1035 805 1114; x_wconf 71' lang='grc' dir='ltr'><strong><em>ἄλοχ’</em></strong></span> <span class='ocrx_word' id='word_1_43' title='bbox 832 1036 968 1116; x_wconf 78' lang='grc' dir='ltr'><strong><em>Οὐρανοῦ</em></strong></span> <span class='ocrx_word' id='word_1_44' title='bbox 993 1037 1198 1118; x_wconf 71' lang='grc' dir='ltr'>ἀστερόεντος.</span> 
     </span>
    </p>

    <p class='ocr_par' dir='ltr' id='par_1_4' title="bbox 199 1141 1393 1656">
     <span class='ocr_line' id='line_1_7' title="bbox 245 1141 1391 1231; baseline 0.001 -21"><span class='ocrx_word' id='word_1_45' title='bbox 245 1145 385 1211; x_wconf 83' lang='lat' dir='ltr'>Saturno</span> <span class='ocrx_word' id='word_1_46' title='bbox 408 1164 482 1207; x_wconf 89' lang='lat' dir='ltr'>vero</span> <span class='ocrx_word' id='word_1_47' title='bbox 507 1164 680 1226; x_wconf 77' lang='lat' dir='ltr'>numquam</span> <span class='ocrx_word' id='word_1_48' title='bbox 704 1141 841 1226; x_wconf 80' lang='lat' dir='ltr'>contigit</span> <span class='ocrx_word' id='word_1_49' title='bbox 864 1143 986 1220; x_wconf 88' lang='lat' dir='ltr'>cultus,</span> <span class='ocrx_word' id='word_1_50' title='bbox 1007 1144 1170 1229; x_wconf 80' lang='lat' dir='ltr'>quiajam</span> <span class='ocrx_word' id='word_1_51' title='bbox 1194 1147 1269 1209; x_wconf 87' lang='lat' dir='ltr'>ante</span> <span class='ocrx_word' id='word_1_52' title='bbox 1292 1166 1391 1231; x_wconf 82' lang='lat' dir='ltr'>genus</span> 
     </span>
     <span class='ocr_line' id='line_1_8' title="bbox 199 1234 1393 1335; baseline 0.001 -19"><span class='ocrx_word' id='word_1_53' title='bbox 199 1252 376 1316; x_wconf 87' lang='lat' dir='ltr'>humanum</span> <span class='ocrx_word' id='word_1_54' title='bbox 407 1234 614 1335; x_wconf 84' lang='lat' dir='ltr'>progenitum</span> <span class='ocrx_word' id='word_1_55' title='bbox 643 1247 771 1331; x_wconf 78' lang='lat' dir='ltr'>Jupiter</span> <span class='ocrx_word' id='word_1_56' title='bbox 797 1249 827 1312; x_wconf 92' lang='lat' dir='ltr'>ei</span> <span class='ocrx_word' id='word_1_57' title='bbox 850 1253 1051 1313; x_wconf 88' lang='lat' dir='ltr'>successerat</span> <span class='ocrx_word' id='word_1_58' title='bbox 1076 1249 1139 1315; x_wconf 86' lang='lat' dir='ltr'>Hic</span> <span class='ocrx_word' id='word_1_59' title='bbox 1162 1254 1268 1316; x_wconf 88' lang='lat' dir='ltr'>autem</span> <span class='ocrx_word' id='word_1_60' title='bbox 1292 1252 1393 1317; x_wconf 85' lang='lat' dir='ltr'>evasit</span> 
     </span>
     <span class='ocr_line' id='line_1_9' title="bbox 200 1353 1392 1440; baseline -0.001 -16"><span class='ocrx_word' id='word_1_61' title='bbox 200 1380 342 1424; x_wconf 91' lang='lat' dir='ltr'>summus</span> <span class='ocrx_word' id='word_1_62' title='bbox 373 1356 463 1432; x_wconf 87' lang='lat' dir='ltr'>deus;</span> <span class='ocrx_word' id='word_1_63' title='bbox 496 1353 625 1438; x_wconf 88' lang='lat' dir='ltr'>eiusque</span> <span class='ocrx_word' id='word_1_64' title='bbox 651 1354 780 1418; x_wconf 91' lang='lat' dir='ltr'>nomine</span> <span class='ocrx_word' id='word_1_65' title='bbox 804 1354 927 1419; x_wconf 90' lang='lat' dir='ltr'>eoelum</span> <span class='ocrx_word' id='word_1_66' title='bbox 951 1378 1077 1440; x_wconf 91' lang='lat' dir='ltr'>quoque</span> <span class='ocrx_word' id='word_1_67' title='bbox 1098 1356 1180 1435; x_wconf 85' lang='lat' dir='ltr'>coli,</span> <span class='ocrx_word' id='word_1_68' title='bbox 1203 1358 1250 1423; x_wconf 83' lang='lat' dir='ltr'>vel</span> <span class='ocrx_word' id='word_1_69' title='bbox 1279 1357 1392 1423; x_wconf 88' lang='lat' dir='ltr'>saltem</span> 
     </span>
     <span class='ocr_line' id='line_1_10' title="bbox 200 1460 1392 1553; baseline -0.002 -23"><span class='ocrx_word' id='word_1_70' title='bbox 200 1488 272 1530; x_wconf 91' lang='lat' dir='ltr'>eum</span> <span class='ocrx_word' id='word_1_71' title='bbox 304 1464 380 1528; x_wconf 92' lang='lat' dir='ltr'>olim</span> <span class='ocrx_word' id='word_1_72' title='bbox 411 1460 611 1545; x_wconf 85' lang='lat' dir='ltr'>aprincipio</span> <span class='ocrx_word' id='word_1_73' title='bbox 641 1460 781 1553; x_wconf 82' lang='lat' dir='ltr'>naturali</span> <span class='ocrx_word' id='word_1_74' title='bbox 807 1462 860 1525; x_wconf 82' lang='lat' dir='ltr'>rix</span> <span class='ocrx_word' id='word_1_75' title='bbox 884 1462 1070 1527; x_wconf 89' lang='lat' dir='ltr'>distinctum</span> <span class='ocrx_word' id='word_1_76' title='bbox 1095 1463 1205 1541; x_wconf 84' lang='lat' dir='ltr'>fuisse,</span> <span class='ocrx_word' id='word_1_77' title='bbox 1229 1464 1264 1528; x_wconf 92' lang='lat' dir='ltr'>id</span> <span class='ocrx_word' id='word_1_78' title='bbox 1287 1464 1392 1530; x_wconf 87' lang='lat' dir='ltr'>decla-</span> 
     </span>
     <span class='ocr_line' id='line_1_11' title="bbox 199 1568 1323 1656; baseline 0 -21"><span class='ocrx_word' id='word_1_79' title='bbox 199 1574 275 1636; x_wconf 87' lang='lat' dir='ltr'>rant</span> <span class='ocrx_word' id='word_1_80' title='bbox 296 1568 473 1653; x_wconf 88' lang='lat' dir='ltr'>complures</span> <span class='ocrx_word' id='word_1_81' title='bbox 496 1568 649 1632; x_wconf 75' lang='lat' dir='ltr'>dictiones</span> <span class='ocrx_word' id='word_1_82' title='bbox 672 1568 787 1651; x_wconf 90' lang='lat' dir='ltr'>quibus</span> <span class='ocrx_word' id='word_1_83' title='bbox 810 1569 887 1638; x_wconf 75' lang='grc' dir='ltr'><strong><em>Ζεὺς</em></strong></span> <span class='ocrx_word' id='word_1_84' title='bbox 911 1590 970 1653; x_wconf 89' lang='lat' dir='ltr'>pro</span> <span class='ocrx_word' id='word_1_85' title='bbox 992 1570 1079 1634; x_wconf 88' lang='lat' dir='ltr'>coelo</span> <span class='ocrx_word' id='word_1_86' title='bbox 1101 1574 1273 1655; x_wconf 88' lang='lat' dir='ltr'>usurpatur</span> <span class='ocrx_word' id='word_1_87' title='bbox 1286 1570 1323 1656; x_wconf 91' lang='grc'>1).</span> 
     </span>
    </p>

    <p class='ocr_par' dir='ltr' id='par_1_5' title="bbox 198 1673 1393 2186">
     <span class='ocr_line' id='line_1_12' title="bbox 245 1673 1391 1762; baseline -0.003 -19"><span class='ocrx_word' id='word_1_88' title='bbox 245 1676 419 1743; x_wconf 84' lang='lat' dir='ltr'>Pausanias</span> <span class='ocrx_word' id='word_1_89' title='bbox 450 1678 561 1739; x_wconf 81' lang='lat' dir='ltr'>narrat</span> <span class='ocrx_word' id='word_1_90' title='bbox 584 1674 624 1760; x_wconf 88' lang='grc' dir='ltr'>(Ι,</span> <span class='ocrx_word' id='word_1_91' title='bbox 649 1674 701 1760; x_wconf 79' lang='grc'>24,</span> <span class='ocrx_word' id='word_1_92' title='bbox 729 1676 763 1760; x_wconf 85' lang='grc'>3)</span> <span class='ocrx_word' id='word_1_93' title='bbox 787 1673 1000 1741; x_wconf 78' lang='lat' dir='ltr'>Athenienses</span> <span class='ocrx_word' id='word_1_94' title='bbox 1026 1676 1142 1742; x_wconf 86' lang='lat' dir='ltr'>habere</span> <span class='ocrx_word' id='word_1_95' title='bbox 1168 1678 1295 1762; x_wconf 82' lang='lat' dir='ltr'>signum</span> <span class='ocrx_word' id='word_1_96' title='bbox 1318 1676 1391 1741; x_wconf 86' lang='lat' dir='ltr'>Tel-</span> 
     </span>
     <span class='ocr_line' id='line_1_13' title="bbox 198 1780 1393 1866; baseline -0.001 -18"><span class='ocrx_word' id='word_1_97' title='bbox 198 1783 277 1848; x_wconf 86' lang='lat' dir='ltr'>luris</span> <span class='ocrx_word' id='word_1_98' title='bbox 307 1782 421 1849; x_wconf 87' lang='lat' dir='ltr'>Jovem</span> <span class='ocrx_word' id='word_1_99' title='bbox 451 1781 611 1866; x_wconf 81' lang='lat' dir='ltr'>precantis</span> <span class='ocrx_word' id='word_1_100' title='bbox 643 1784 681 1845; x_wconf 91' lang='lat' dir='ltr'>ut</span> <span class='ocrx_word' id='word_1_101' title='bbox 710 1780 770 1845; x_wconf 93' lang='lat' dir='ltr'>sibi</span> <span class='ocrx_word' id='word_1_102' title='bbox 793 1782 903 1866; x_wconf 85' lang='lat' dir='ltr'>pluat,</span> <span class='ocrx_word' id='word_1_103' title='bbox 927 1782 989 1847; x_wconf 87' lang='grc' dir='ltr'><strong><em>είτε</em></strong></span> <span class='ocrx_word' id='word_1_104' title='bbox 1015 1785 1119 1856; x_wconf 79' lang='grc' dir='ltr'><strong><em>αὐτοῖς</em></strong></span> <span class='ocrx_word' id='word_1_105' title='bbox 1143 1784 1259 1865; x_wconf 84' lang='grc' dir='ltr'><strong><em>όμβρον</em></strong></span> <span class='ocrx_word' id='word_1_106' title='bbox 1282 1785 1393 1857; x_wconf 72' lang='grc' dir='ltr'><strong><em>δεῆσαν</em></strong></span> 
     </span>
     <span class='ocr_line' id='line_1_14' title="bbox 198 1886 1393 1975; baseline -0.003 -19"><span class='ocrx_word' id='word_1_107' title='bbox 198 1892 387 1967; x_wconf 82' lang='grc' dir='ltr'><strong><em>’Λόηναίοις,</em></strong></span> <span class='ocrx_word' id='word_1_108' title='bbox 412 1887 474 1953; x_wconf 85' lang='grc' dir='ltr'><strong><em>είτε</em></strong></span> <span class='ocrx_word' id='word_1_109' title='bbox 500 1889 551 1952; x_wconf 78' lang='grc' dir='ltr'>καὶ</span> <span class='ocrx_word' id='word_1_110' title='bbox 577 1896 639 1960; x_wconf 76' lang='grc' dir='ltr'><strong><em>τοῖς</em></strong></span> <span class='ocrx_word' id='word_1_111' title='bbox 665 1892 759 1952; x_wconf 70' lang='grc' dir='ltr'><strong><em>πᾶσιν</em></strong></span> <span class='ocrx_word' id='word_1_112' title='bbox 781 1886 916 1963; x_wconf 84' lang='grc' dir='ltr'><strong><em>Ἕλλησι</em></strong></span> <span class='ocrx_word' id='word_1_113' title='bbox 942 1889 1070 1975; x_wconf 76' lang='grc' dir='ltr'><strong><em>συμβδιρ</em></strong></span> <span class='ocrx_word' id='word_1_114' title='bbox 1094 1890 1231 1971; x_wconf 78' lang='grc' dir='ltr'><strong><em>αὐχμός.</em></strong></span> <span class='ocrx_word' id='word_1_115' title='bbox 1262 1890 1310 1953; x_wconf 83' lang='lat' dir='ltr'>At</span> <span class='ocrx_word' id='word_1_116' title='bbox 1332 1888 1393 1953; x_wconf 87' lang='lat' dir='ltr'>hoc</span> 
     </span>
     <span class='ocr_line' id='line_1_15' title="bbox 200 1993 1392 2079; baseline -0.002 -18"><span class='ocrx_word' id='word_1_117' title='bbox 200 1997 328 2079; x_wconf 81' lang='lat' dir='ltr'>signum</span> <span class='ocrx_word' id='word_1_118' title='bbox 352 2016 418 2059; x_wconf 91' lang='lat' dir='ltr'>non</span> <span class='ocrx_word' id='word_1_119' title='bbox 449 1995 496 2060; x_wconf 85' lang='lat' dir='ltr'>ita</span> <span class='ocrx_word' id='word_1_120' title='bbox 526 1996 616 2059; x_wconf 79' lang='lat' dir='ltr'>vetus</span> <span class='ocrx_word' id='word_1_121' title='bbox 647 1993 744 2058; x_wconf 83' lang='lat' dir='ltr'>fuisse</span> <span class='ocrx_word' id='word_1_122' title='bbox 767 1994 910 2071; x_wconf 89' lang='lat' dir='ltr'>videtur,</span> <span class='ocrx_word' id='word_1_123' title='bbox 936 2017 1009 2058; x_wconf 88' lang='lat' dir='ltr'>nam</span> <span class='ocrx_word' id='word_1_124' title='bbox 1033 1995 1169 2079; x_wconf 76' lang='lat' dir='ltr'>scriptor</span> <span class='ocrx_word' id='word_1_125' title='bbox 1192 1995 1392 2079; x_wconf 88' lang='lat' dir='ltr'>conspicien-</span> 
     </span>
     <span class='ocr_line' id='line_1_16' title="bbox 200 2100 1284 2186; baseline 0 -21"><span class='ocrx_word' id='word_1_126' title='bbox 200 2102 276 2166; x_wconf 92' lang='lat' dir='ltr'>dum</span> <span class='ocrx_word' id='word_1_127' title='bbox 299 2104 501 2167; x_wconf 88' lang='lat' dir='ltr'>commendat</span> <span class='ocrx_word' id='word_1_128' title='bbox 523 2101 552 2165; x_wconf 89' lang='lat' dir='ltr'>ei</span> <span class='ocrx_word' id='word_1_129' title='bbox 574 2100 629 2185; x_wconf 91' lang='lat' dir='ltr'>qui</span> <span class='ocrx_word' id='word_1_130' title='bbox 653 2100 823 2165; x_wconf 88' lang='lat' dir='ltr'>artificiose</span> <span class='ocrx_word' id='word_1_131' title='bbox 846 2100 931 2164; x_wconf 83' lang='lat' dir='ltr'>lacta</span> <span class='ocrx_word' id='word_1_132' title='bbox 953 2101 1092 2186; x_wconf 90' lang='lat' dir='ltr'>antiquis</span> <span class='ocrx_word' id='word_1_133' title='bbox 1116 2102 1284 2185; x_wconf 83' lang='lat' dir='ltr'>praeferat.</span> 
     </span>
    </p>

    <p class='ocr_par' dir='ltr' id='par_1_6' title="bbox 198 2206 1394 2825">
     <span class='ocr_line' id='line_1_17' title="bbox 247 2206 1391 2291; baseline -0.003 -18"><span class='ocrx_word' id='word_1_134' title='bbox 247 2209 424 2273; x_wconf 84' lang='lat' dir='ltr'>Redeamus</span> <span class='ocrx_word' id='word_1_135' title='bbox 448 2211 489 2271; x_wconf 88' lang='lat' dir='ltr'>ad</span> <span class='ocrx_word' id='word_1_136' title='bbox 511 2210 632 2291; x_wconf 84' lang='lat' dir='ltr'>poetas.</span> <span class='ocrx_word' id='word_1_137' title='bbox 658 2207 833 2291; x_wconf 86' lang='lat' dir='ltr'>Postquam</span> <span class='ocrx_word' id='word_1_138' title='bbox 857 2206 891 2269; x_wconf 94' lang='lat' dir='ltr'>in</span> <span class='ocrx_word' id='word_1_139' title='bbox 910 2206 1050 2270; x_wconf 87' lang='lat' dir='ltr'>transitu</span> <span class='ocrx_word' id='word_1_140' title='bbox 1074 2208 1297 2272; x_wconf 81' lang='lat' dir='ltr'>annotavimus</span> <span class='ocrx_word' id='word_1_141' title='bbox 1318 2206 1391 2271; x_wconf 93' lang='lat' dir='ltr'>Pin·</span> 
     </span>
     <span class='ocr_line' id='line_1_18' title="bbox 199 2312 1394 2399; baseline 0 -20"><span class='ocrx_word' id='word_1_142' title='bbox 199 2316 310 2380; x_wconf 84' lang='lat' dir='ltr'>darum</span> <span class='ocrx_word' id='word_1_143' title='bbox 334 2336 460 2399; x_wconf 89' lang='lat' dir='ltr'>quoque</span> <span class='ocrx_word' id='word_1_144' title='bbox 480 2312 627 2397; x_wconf 86' lang='lat' dir='ltr'>copulare</span> <span class='ocrx_word' id='word_1_145' title='bbox 646 2313 767 2390; x_wconf 83' lang='grc' dir='ltr'><strong><em>οὐρανὸν</em></strong></span> <span class='ocrx_word' id='word_1_146' title='bbox 788 2317 840 2377; x_wconf 77' lang='grc' dir='ltr'>καί</span> <span class='ocrx_word' id='word_1_147' title='bbox 860 2320 959 2391; x_wconf 73' lang='grc' dir='ltr'><strong><em>γαῖαν</em></strong></span> <span class='ocrx_word' id='word_1_148' title='bbox 980 2314 1103 2394; x_wconf 78' lang='grc' dir='ltr'><strong><em>ματέρα</em></strong></span> <span class='ocrx_word' id='word_1_149' title='bbox 1123 2313 1188 2399; x_wconf 90' lang='grc'><strong>(01.</strong></span> <span class='ocrx_word' id='word_1_150' title='bbox 1208 2313 1282 2379; x_wconf 89' lang='lat' dir='ltr'><strong>VII.</strong></span> <span class='ocrx_word' id='word_1_151' title='bbox 1297 2315 1351 2397; x_wconf 84' lang='grc'>38)</span> <span class='ocrx_word' id='word_1_152' title='bbox 1366 2312 1394 2397; x_wconf 74' lang='lat'>²)</span> 
     </span>
     <span class='ocr_line' id='line_1_19' title="bbox 200 2418 1389 2506; baseline -0.002 -20"><span class='ocrx_word' id='word_1_153' title='bbox 200 2422 343 2486; x_wconf 86' lang='lat' dir='ltr'>animum</span> <span class='ocrx_word' id='word_1_154' title='bbox 363 2424 564 2485; x_wconf 84' lang='lat' dir='ltr'>advertamus</span> <span class='ocrx_word' id='word_1_155' title='bbox 582 2420 623 2484; x_wconf 86' lang='lat' dir='ltr'>ad</span> <span class='ocrx_word' id='word_1_156' title='bbox 642 2418 849 2504; x_wconf 85' lang='lat' dir='ltr'>Aeschylum.</span> <span class='ocrx_word' id='word_1_157' title='bbox 871 2420 1053 2485; x_wconf 86' lang='lat' dir='ltr'>Athenaeus</span> <span class='ocrx_word' id='word_1_158' title='bbox 1072 2420 1108 2505; x_wconf 92' lang='lat' dir='ltr'>(l.</span> <span class='ocrx_word' id='word_1_159' title='bbox 1121 2420 1220 2498; x_wconf 84' lang='lat' dir='ltr'><strong>XIII,</strong></span> <span class='ocrx_word' id='word_1_160' title='bbox 1232 2445 1264 2506; x_wconf 92' lang='lat' dir='ltr'>p.</span> <span class='ocrx_word' id='word_1_161' title='bbox 1278 2421 1343 2485; x_wconf 84' lang='lat'>600</span> <span class='ocrx_word' id='word_1_162' title='bbox 1356 2421 1389 2505; x_wconf 87' lang='grc' dir='ltr'>α)</span> 
     </span>
     <span class='ocr_line' id='line_1_20' title="bbox 200 2526 1391 2612; baseline -0.003 -18"><span class='ocrx_word' id='word_1_163' title='bbox 200 2530 353 2595; x_wconf 86' lang='lat' dir='ltr'>continuo</span> <span class='ocrx_word' id='word_1_164' title='bbox 383 2531 457 2612; x_wconf 92' lang='lat' dir='ltr'>post</span> <span class='ocrx_word' id='word_1_165' title='bbox 487 2526 650 2611; x_wconf 81' lang='lat' dir='ltr'>Euripidis</span> <span class='ocrx_word' id='word_1_166' title='bbox 686 2528 725 2591; x_wconf 91' lang='lat' dir='ltr'>de</span> <span class='ocrx_word' id='word_1_167' title='bbox 755 2548 863 2591; x_wconf 88' lang='lat' dir='ltr'>amore</span> <span class='ocrx_word' id='word_1_168' title='bbox 885 2549 994 2591; x_wconf 85' lang='lat' dir='ltr'>versus</span> <span class='ocrx_word' id='word_1_169' title='bbox 1018 2550 1114 2612; x_wconf 88' lang='lat' dir='ltr'>snpra</span> <span class='ocrx_word' id='word_1_170' title='bbox 1137 2532 1330 2593; x_wconf 86' lang='lat' dir='ltr'>memoratos</span> <span class='ocrx_word' id='word_1_171' title='bbox 1352 2550 1391 2591; x_wconf 87' lang='lat' dir='ltr'>ex</span> 
     </span>
     <span class='ocr_line' id='line_1_21' title="bbox 198 2632 1390 2720; baseline -0.001 -21"><span class='ocrx_word' id='word_1_172' title='bbox 198 2635 284 2699; x_wconf 87' lang='lat' dir='ltr'>illius</span> <span class='ocrx_word' id='word_1_173' title='bbox 307 2632 503 2699; x_wconf 86' lang='lat' dir='ltr'>Danaidibus</span> <span class='ocrx_word' id='word_1_174' title='bbox 526 2632 641 2699; x_wconf 87' lang='lat' dir='ltr'>haecce</span> <span class='ocrx_word' id='word_1_175' title='bbox 664 2632 792 2697; x_wconf 89' lang='lat' dir='ltr'>rettulit</span> <span class='ocrx_word' id='word_1_176' title='bbox 813 2632 865 2718; x_wconf 82' lang='lat' dir='ltr'>(fr.</span> <span class='ocrx_word' id='word_1_177' title='bbox 890 2634 930 2697; x_wconf 88' lang='lat'>41</span> <span class='ocrx_word' id='word_1_178' title='bbox 957 2634 1042 2717; x_wconf 81' lang='lat' dir='ltr'>apud</span> <span class='ocrx_word' id='word_1_179' title='bbox 1066 2632 1177 2720; x_wconf 88' lang='lat' dir='ltr'>Dind.)</span> <span class='ocrx_word' id='word_1_180' title='bbox 1200 2638 1240 2699; x_wconf 87' lang='lat' dir='ltr'>de</span> <span class='ocrx_word' id='word_1_181' title='bbox 1261 2634 1390 2720; x_wconf 84' lang='lat' dir='ltr'>Aphro-</span> 
     </span>
     <span class='ocr_line' id='line_1_22' title="bbox 200 2739 1332 2825; baseline -0.001 -19"><span class='ocrx_word' id='word_1_182' title='bbox 200 2742 266 2807; x_wconf 89' lang='lat' dir='ltr'>dite</span> <span class='ocrx_word' id='word_1_183' title='bbox 289 2741 425 2825; x_wconf 83' lang='lat' dir='ltr'>seripto:</span> <span class='ocrx_word' id='word_1_184' title='bbox 1330 2739 1332 2742; x_wconf 72' lang='grc'><strong>’</strong></span> 
     </span>
    </p>

    <p class='ocr_par' dir='ltr' id='par_1_7' title="bbox 427 2844 1104 2929">
     <span class='ocr_line' id='line_1_23' title="bbox 427 2844 1104 2929; baseline 0.004 -20"><span class='ocrx_word' id='word_1_185' title='bbox 427 2847 480 2929; x_wconf 76' lang='grc' dir='ltr'>ἐρᾷ</span> <span class='ocrx_word' id='word_1_186' title='bbox 503 2847 561 2924; x_wconf 76' lang='grc' dir='ltr'><strong><em>μὲν</em></strong></span> <span class='ocrx_word' id='word_1_187' title='bbox 585 2844 679 2925; x_wconf 68' lang='lat' dir='ltr'>dycta</span> <span class='ocrx_word' id='word_1_188' title='bbox 706 2847 827 2925; x_wconf 77' lang='grc' dir='ltr'><strong><em>οὐρανὸς</em></strong></span> <span class='ocrx_word' id='word_1_189' title='bbox 851 2853 963 2926; x_wconf 81' lang='grc' dir='ltr'><strong><em>τρῶσαι</em></strong></span> <span class='ocrx_word' id='word_1_190' title='bbox 987 2845 1104 2925; x_wconf 81' lang='grc' dir='ltr'><strong><em>χόόνα,</em></strong></span> 
     </span>
    </p>

    <p class='ocr_par' dir='ltr' id='par_1_8' title="bbox 423 2951 1145 3245">
     <span class='ocr_line' id='line_1_24' title="bbox 423 2951 1145 3034; baseline 0.004 -19"><span class='ocrx_word' id='word_1_191' title='bbox 423 2951 492 3033; x_wconf 83' lang='grc' dir='ltr'><strong><em>ἔρως</em></strong></span> <span class='ocrx_word' id='word_1_192' title='bbox 516 2952 549 3016; x_wconf 76' lang='grc' dir='ltr'>δὲ</span> <span class='ocrx_word' id='word_1_193' title='bbox 572 2960 671 3031; x_wconf 69' lang='grc' dir='ltr'><strong><em>μαῖαν</em></strong></span> <span class='ocrx_word' id='word_1_194' title='bbox 694 2952 856 3031; x_wconf 73' lang='grc' dir='ltr'>λαμβάνει</span> <span class='ocrx_word' id='word_1_195' title='bbox 884 2954 992 3031; x_wconf 72' lang='grc' dir='ltr'><strong><em>γόμον</em></strong></span> <span class='ocrx_word' id='word_1_196' title='bbox 1016 2961 1145 3034; x_wconf 80' lang='grc' dir='ltr'><strong><em>τυχεῖν·</em></strong></span> 
     </span>
     <span class='ocr_line' id='line_1_25' title="bbox 424 3054 1124 3140; baseline -0.001 -16"><span class='ocrx_word' id='word_1_197' title='bbox 424 3058 536 3139; x_wconf 83' lang='grc' dir='ltr'><strong><em>ίμβρος</em></strong></span> <span class='ocrx_word' id='word_1_198' title='bbox 560 3057 589 3123; x_wconf 86' lang='grc' dir='ltr'>δ’</span> <span class='ocrx_word' id='word_1_199' title='bbox 613 3059 670 3125; x_wconf 71' lang='grc' dir='ltr'>ἄπ’</span> <span class='ocrx_word' id='word_1_200' title='bbox 694 3054 852 3131; x_wconf 77' lang='grc' dir='ltr'><strong><em>εὐνόεντος</em></strong></span> <span class='ocrx_word' id='word_1_201' title='bbox 877 3061 1000 3140; x_wconf 80' lang='grc' dir='ltr'><strong><em>οὐρανοῦ</em></strong></span> <span class='ocrx_word' id='word_1_202' title='bbox 1025 3063 1124 3125; x_wconf 83' lang='grc' dir='ltr'><strong><em>τεσιδν</em></strong></span> 
     </span>
     <span class='ocr_line' id='line_1_26' title="bbox 425 3162 1061 3245; baseline 0.003 -16"><span class='ocrx_word' id='word_1_203' title='bbox 425 3162 514 3229; x_wconf 78' lang='grc' dir='ltr'><strong><em>ἔκυσε</em></strong></span> <span class='ocrx_word' id='word_1_204' title='bbox 538 3173 655 3244; x_wconf 77' lang='grc' dir='ltr'><strong><em>γαῖαν·</em></strong></span> <span class='ocrx_word' id='word_1_205' title='bbox 680 3168 697 3241; x_wconf 75' lang='grc' dir='ltr'>ι)</span> <span class='ocrx_word' id='word_1_206' title='bbox 721 3166 753 3231; x_wconf 78' lang='grc' dir='ltr'>δὲ</span> <span class='ocrx_word' id='word_1_207' title='bbox 776 3168 919 3232; x_wconf 89' lang='grc' dir='ltr'><strong><em>τίκτεται</em></strong></span> <span class='ocrx_word' id='word_1_208' title='bbox 941 3166 1061 3245; x_wconf 76' lang='grc' dir='ltr'><strong><em>βροτοῖς</em></strong></span> 
     </span>
    </p>

    <p class='ocr_par' dir='ltr' id='par_1_9' title="bbox 424 3272 1123 3461">
     <span class='ocr_line' id='line_1_27' title="bbox 424 3272 1123 3354; baseline 0.003 -19"><span class='ocrx_word' id='word_1_209' title='bbox 424 3272 531 3349; x_wconf 75' lang='grc' dir='ltr'><strong><em>μήλων</em></strong></span> <span class='ocrx_word' id='word_1_210' title='bbox 554 3296 589 3336; x_wconf 85' lang='grc' dir='ltr'><strong><em>τε</em></strong></span> <span class='ocrx_word' id='word_1_211' title='bbox 612 3272 733 3350; x_wconf 76' lang='grc' dir='ltr'><strong><em>βοσκὰς</em></strong></span> <span class='ocrx_word' id='word_1_212' title='bbox 758 3272 810 3336; x_wconf 80' lang='grc' dir='ltr'>καί</span> <span class='ocrx_word' id='word_1_213' title='bbox 835 3272 903 3350; x_wconf 93' lang='grc' dir='ltr'><strong><em>βίον</em></strong></span> <span class='ocrx_word' id='word_1_214' title='bbox 929 3275 1123 3354; x_wconf 76' lang='grc' dir='ltr'><strong><em>Δημήτριον·</em></strong></span> 
     </span>
     <span class='ocr_line' id='line_1_28' title="bbox 426 3374 1080 3461; baseline 0.005 -19"><span class='ocrx_word' id='word_1_215' title='bbox 426 3378 577 3460; x_wconf 77' lang='grc' dir='ltr'><strong><em>δενδρῶτις</em></strong></span> <span class='ocrx_word' id='word_1_216' title='bbox 601 3374 661 3459; x_wconf 73' lang='grc' dir='ltr'>ὥρα</span> <span class='ocrx_word' id='word_1_217' title='bbox 685 3378 712 3443; x_wconf 91' lang='grc' dir='ltr'>δ’</span> <span class='ocrx_word' id='word_1_218' title='bbox 726 3379 760 3444; x_wconf 81' lang='grc' dir='ltr'>ἐκ</span> <span class='ocrx_word' id='word_1_219' title='bbox 784 3378 947 3461; x_wconf 73' lang='grc' dir='ltr'><strong><em>νοτίζοντος</em></strong></span> <span class='ocrx_word' id='word_1_220' title='bbox 973 3378 1080 3458; x_wconf 78' lang='grc' dir='ltr'><strong><em>γοίμον</em></strong></span> 
     </span>
    </p>

    <p class='ocr_par' dir='ltr' id='par_1_10' title="bbox 428 3484 1103 3572">
     <span class='ocr_line' id='line_1_29' title="bbox 428 3484 1103 3572; baseline 0.004 -24"><span class='ocrx_word' id='word_1_221' title='bbox 428 3484 544 3558; x_wconf 79' lang='grc' dir='ltr'><strong><em>τέλειός</em></strong></span> <span class='ocrx_word' id='word_1_222' title='bbox 570 3488 646 3549; x_wconf 79' lang='grc' dir='ltr'><strong><em>ἐστι.</em></strong></span> <span class='ocrx_word' id='word_1_223' title='bbox 670 3484 779 3550; x_wconf 77' lang='grc' dir='ltr'><strong><em>τῶνδ’</em></strong></span> <span class='ocrx_word' id='word_1_224' title='bbox 805 3486 865 3563; x_wconf 73' lang='grc' dir='ltr'>ἐγὼ</span> <span class='ocrx_word' id='word_1_225' title='bbox 889 3486 1052 3566; x_wconf 72' lang='grc' dir='ltr'><strong><em>παραίτιος</em></strong></span> <span class='ocrx_word' id='word_1_226' title='bbox 1065 3487 1103 3572; x_wconf 65' lang='grc'>1).</span> 
     </span>
    </p>

    <p class='ocr_par' dir='ltr' id='par_1_11' title="bbox 245 3588 1391 3682">
     <span class='ocr_line' id='line_1_30' title="bbox 245 3588 1391 3682; baseline 0.006 -28"><span class='ocrx_word' id='word_1_227' title='bbox 245 3588 330 3665; x_wconf 77' lang='lat' dir='ltr'>Quae</span> <span class='ocrx_word' id='word_1_228' title='bbox 359 3592 527 3675; x_wconf 88' lang='lat' dir='ltr'>tantopere</span> <span class='ocrx_word' id='word_1_229' title='bbox 557 3594 743 3676; x_wconf 80' lang='lat' dir='ltr'>congruunt</span> <span class='ocrx_word' id='word_1_230' title='bbox 771 3613 843 3656; x_wconf 89' lang='lat' dir='ltr'>eum</span> <span class='ocrx_word' id='word_1_231' title='bbox 867 3592 1028 3677; x_wconf 73' lang='lat' dir='ltr'>Euripidis</span> <span class='ocrx_word' id='word_1_232' title='bbox 1051 3591 1233 3677; x_wconf 84' lang='lat' dir='ltr'>fragmento</span> <span class='ocrx_word' id='word_1_233' title='bbox 1257 3593 1323 3659; x_wconf 84' lang='lat'>890</span> <span class='ocrx_word' id='word_1_234' title='bbox 1348 3594 1391 3682; x_wconf 85' lang='lat'>(.</span> 
     </span>
    </p>
   </div>
   <div class='ocr_carea' id='block_1_3' title="bbox 199 3812 1394 4621">
    <p class='ocr_par' dir='ltr' id='par_1_12' title="bbox 199 3812 1394 4123">
     <span class='ocr_line' id='line_1_31' title="bbox 234 3812 1394 3878; baseline -0.001 -16"><span class='ocrx_word' id='word_1_235' title='bbox 234 3814 261 3878; x_wconf 96' lang='lat' dir='ltr'>l)</span> <span class='ocrx_word' id='word_1_236' title='bbox 279 3814 339 3871; x_wconf 78' lang='grc' dir='ltr'><strong><em>Ζεδς</em></strong></span> <span class='ocrx_word' id='word_1_237' title='bbox 363 3812 413 3870; x_wconf 75' lang='lat' dir='ltr'>trs,</span> <span class='ocrx_word' id='word_1_238' title='bbox 436 3812 499 3875; x_wconf 69' lang='lat' dir='ltr'>elpes</span> <span class='ocrx_word' id='word_1_239' title='bbox 522 3816 576 3870; x_wconf 79' lang='lat' dir='ltr'>ete,</span> <span class='ocrx_word' id='word_1_240' title='bbox 599 3813 628 3863; x_wconf 78' lang='lat' dir='ltr'>ci.</span> <span class='ocrx_word' id='word_1_241' title='bbox 645 3814 717 3863; x_wconf 90' lang='lat' dir='ltr'>Hom.</span> <span class='ocrx_word' id='word_1_242' title='bbox 736 3813 766 3863; x_wconf 94' lang='lat' dir='ltr'>Il.</span> <span class='ocrx_word' id='word_1_243' title='bbox 782 3813 846 3863; x_wconf 84' lang='lat' dir='ltr'>XIX</span> <span class='ocrx_word' id='word_1_244' title='bbox 861 3812 917 3865; x_wconf 79' lang='lat'>357.</span> <span class='ocrx_word' id='word_1_245' title='bbox 934 3813 1035 3863; x_wconf 86' lang='lat' dir='ltr'>Utiliter</span> <span class='ocrx_word' id='word_1_246' title='bbox 1053 3814 1124 3863; x_wconf 85' lang='lat' dir='ltr'>etism</span> <span class='ocrx_word' id='word_1_247' title='bbox 1142 3812 1285 3863; x_wconf 79' lang='lat' dir='ltr'>Plutarchus</span> <span class='ocrx_word' id='word_1_248' title='bbox 1300 3813 1394 3863; x_wconf 85' lang='lat' dir='ltr'>monuit</span> 
     </span>
     <span class='ocr_line' id='line_1_32' title="bbox 199 3894 1394 3961; baseline -0.003 -16"><span class='ocrx_word' id='word_1_249' title='bbox 199 3896 338 3960; x_wconf 73' lang='lat' dir='ltr'>(Quomodo</span> <span class='ocrx_word' id='word_1_250' title='bbox 349 3896 482 3945; x_wconf 80' lang='lat' dir='ltr'>adolescens</span> <span class='ocrx_word' id='word_1_251' title='bbox 490 3899 572 3960; x_wconf 82' lang='lat' dir='ltr'>poetas</span> <span class='ocrx_word' id='word_1_252' title='bbox 581 3895 663 3945; x_wconf 82' lang='lat' dir='ltr'>audire</span> <span class='ocrx_word' id='word_1_253' title='bbox 676 3894 770 3954; x_wconf 84' lang='lat' dir='ltr'>debeat,</span> <span class='ocrx_word' id='word_1_254' title='bbox 781 3912 820 3960; x_wconf 80' lang='lat' dir='ltr'>pg.</span> <span class='ocrx_word' id='word_1_255' title='bbox 829 3896 861 3944; x_wconf 79' lang='lat'>23</span> <span class='ocrx_word' id='word_1_256' title='bbox 870 3896 909 3961; x_wconf 83' lang='lat' dir='ltr'>a):</span> <span class='ocrx_word' id='word_1_257' title='bbox 921 3894 961 3944; x_wconf 83' lang='grc' dir='ltr'><strong><em>ότι</em></strong></span> <span class='ocrx_word' id='word_1_258' title='bbox 970 3899 1081 3958; x_wconf 73' lang='grc' dir='ltr'><strong><em>χρῶνται</em></strong></span> <span class='ocrx_word' id='word_1_259' title='bbox 1090 3897 1144 3951; x_wconf 77' lang='grc' dir='ltr'><strong><em>τοῖς</em></strong></span> <span class='ocrx_word' id='word_1_260' title='bbox 1153 3898 1202 3943; x_wconf 72' lang='grc' dir='ltr'><strong><em>τῶν</em></strong></span> <span class='ocrx_word' id='word_1_261' title='bbox 1212 3894 1268 3943; x_wconf 72' lang='grc' dir='ltr'><strong><em>θεῶν</em></strong></span> <span class='ocrx_word' id='word_1_262' title='bbox 1277 3895 1394 3956; x_wconf 78' lang='grc' dir='ltr'><strong><em>ὀνόμασιν</em></strong></span> 
     </span>
     <span class='ocr_line' id='line_1_33' title="bbox 200 3972 1394 4055; baseline 0.001 -30"><span class='ocrx_word' id='word_1_263' title='bbox 200 3976 226 4025; x_wconf 85' lang='grc' dir='ltr'>σί</span> <span class='ocrx_word' id='word_1_264' title='bbox 239 3975 342 4034; x_wconf 74' lang='grc' dir='ltr'><strong><em>ποιηταί</em></strong></span> <span class='ocrx_word' id='word_1_265' title='bbox 358 3976 422 4026; x_wconf 79' lang='grc' dir='ltr'><strong><em>πντδ</em></strong></span> <span class='ocrx_word' id='word_1_266' title='bbox 440 3976 485 4038; x_wconf 84' lang='grc' dir='ltr'><strong><em>μδν</em></strong></span> <span class='ocrx_word' id='word_1_267' title='bbox 503 3974 586 4025; x_wconf 74' lang='grc' dir='ltr'><strong><em>αὐτῶν</em></strong></span> <span class='ocrx_word' id='word_1_268' title='bbox 603 3972 698 4025; x_wconf 74' lang='grc' dir='ltr'><strong><em>ίκείνιιν</em></strong></span> <span class='ocrx_word' id='word_1_269' title='bbox 716 3972 884 4038; x_wconf 72' lang='grc' dir='ltr'><strong><em>ἐφαπτόμενοι</em></strong></span> <span class='ocrx_word' id='word_1_270' title='bbox 903 3980 935 4041; x_wconf 66' lang='grc' dir='ltr'><strong><em>τῇ</em></strong></span> <span class='ocrx_word' id='word_1_271' title='bbox 954 3974 1048 4055; x_wconf 65' lang='grc' dir='ltr'><strong><em>ἐννοίᾳ,</em></strong></span> <span class='ocrx_word' id='word_1_272' title='bbox 1065 3977 1128 4027; x_wconf 75' lang='grc' dir='ltr'><strong><em>ποτὲ</em></strong></span> <span class='ocrx_word' id='word_1_273' title='bbox 1146 3975 1173 4025; x_wconf 69' lang='lat' dir='ltr'>tl</span> <span class='ocrx_word' id='word_1_274' title='bbox 1192 3975 1308 4038; x_wconf 75' lang='grc' dir='ltr'><strong><em>δννιίμσις</em></strong></span> <span class='ocrx_word' id='word_1_275' title='bbox 1323 3978 1394 4035; x_wconf 71' lang='grc' dir='ltr'><strong><em>τινας</em></strong></span> 
     </span>
     <span class='ocr_line' id='line_1_34' title="bbox 200 4052 1157 4123; baseline 0.001 -16"><span class='ocrx_word' id='word_1_276' title='bbox 200 4052 233 4107; x_wconf 70' lang='grc' dir='ltr'>ἦν</span> <span class='ocrx_word' id='word_1_277' title='bbox 249 4060 276 4108; x_wconf 83' lang='grc' dir='ltr'>σί</span> <span class='ocrx_word' id='word_1_278' title='bbox 289 4058 338 4109; x_wconf 74' lang='lat' dir='ltr'>lsai</span> <span class='ocrx_word' id='word_1_279' title='bbox 354 4056 455 4120; x_wconf 75' lang='grc' dir='ltr'><strong><em>δοτῆρές</em></strong></span> <span class='ocrx_word' id='word_1_280' title='bbox 473 4057 521 4108; x_wconf 82' lang='grc' dir='ltr'><strong><em>είσι</em></strong></span> <span class='ocrx_word' id='word_1_281' title='bbox 539 4058 582 4108; x_wconf 74' lang='grc' dir='ltr'>καί</span> <span class='ocrx_word' id='word_1_282' title='bbox 598 4058 763 4122; x_wconf 72' lang='grc' dir='ltr'><strong><em>καθηγεμόνες</em></strong></span> <span class='ocrx_word' id='word_1_283' title='bbox 780 4058 914 4121; x_wconf 73' lang='grc' dir='ltr'><strong><em>ὁμωνύμως</em></strong></span> <span class='ocrx_word' id='word_1_284' title='bbox 930 4060 1157 4123; x_wconf 75' lang='grc' dir='ltr'><strong><em>προςαγορειίοντες.</em></strong></span> 
     </span>
    </p>

    <p class='ocr_par' dir='ltr' id='par_1_13' title="bbox 200 4142 1394 4291">
     <span class='ocr_line' id='line_1_35' title="bbox 235 4142 1394 4208; baseline -0.003 -15"><span class='ocrx_word' id='word_1_285' title='bbox 235 4143 263 4208; x_wconf 74' lang='grc' dir='ltr'>δ)</span> <span class='ocrx_word' id='word_1_286' title='bbox 288 4142 366 4192; x_wconf 76' lang='lat' dir='ltr'>Etiam</span> <span class='ocrx_word' id='word_1_287' title='bbox 388 4144 457 4193; x_wconf 86' lang='lat' dir='ltr'>Nem.</span> <span class='ocrx_word' id='word_1_288' title='bbox 484 4142 520 4191; x_wconf 90' lang='lat' dir='ltr'>VI</span> <span class='ocrx_word' id='word_1_289' title='bbox 545 4158 579 4191; x_wconf 88' lang='lat' dir='ltr'>vs.</span> <span class='ocrx_word' id='word_1_290' title='bbox 604 4144 632 4202; x_wconf 91' lang='lat'>1,</span> <span class='ocrx_word' id='word_1_291' title='bbox 656 4142 696 4193; x_wconf 90' lang='lat' dir='ltr'>ubi</span> <span class='ocrx_word' id='word_1_292' title='bbox 719 4142 753 4191; x_wconf 91' lang='lat' dir='ltr'>dii</span> <span class='ocrx_word' id='word_1_293' title='bbox 775 4142 930 4208; x_wconf 82' lang='lat' dir='ltr'>hominesque</span> <span class='ocrx_word' id='word_1_294' title='bbox 946 4144 1028 4194; x_wconf 80' lang='lat' dir='ltr'>cadem</span> <span class='ocrx_word' id='word_1_295' title='bbox 1044 4147 1122 4194; x_wconf 81' lang='lat' dir='ltr'>matrs</span> <span class='ocrx_word' id='word_1_296' title='bbox 1138 4142 1187 4193; x_wconf 87' lang='lat' dir='ltr'>orti</span> <span class='ocrx_word' id='word_1_297' title='bbox 1203 4158 1252 4193; x_wconf 84' lang='lat' dir='ltr'>esse</span> <span class='ocrx_word' id='word_1_298' title='bbox 1269 4143 1394 4201; x_wconf 82' lang='lat' dir='ltr'>dieantur,</span> 
     </span>
     <span class='ocr_line' id='line_1_36' title="bbox 200 4223 568 4291; baseline -0.003 -14"><span class='ocrx_word' id='word_1_299' title='bbox 200 4224 309 4291; x_wconf 87' lang='lat' dir='ltr'>suspicor</span> <span class='ocrx_word' id='word_1_300' title='bbox 325 4232 415 4275; x_wconf 79' lang='lat' dir='ltr'>terrem</span> <span class='ocrx_word' id='word_1_301' title='bbox 432 4223 568 4289; x_wconf 80' lang='lat' dir='ltr'>significari.</span> 
     </span>
    </p>

    <p class='ocr_par' dir='ltr' id='par_1_14' title="bbox 236 4307 940 4373">
     <span class='ocr_line' id='line_1_37' title="bbox 236 4307 940 4373; baseline 0.003 -16"><span class='ocrx_word' id='word_1_302' title='bbox 236 4309 262 4370; x_wconf 81' lang='lat'>8)</span> <span class='ocrx_word' id='word_1_303' title='bbox 279 4308 370 4357; x_wconf 79' lang='lat' dir='ltr'>Eodem</span> <span class='ocrx_word' id='word_1_304' title='bbox 386 4308 443 4357; x_wconf 89' lang='lat' dir='ltr'>olim</span> <span class='ocrx_word' id='word_1_305' title='bbox 461 4307 581 4372; x_wconf 83' lang='lat' dir='ltr'>pertinere</span> <span class='ocrx_word' id='word_1_306' title='bbox 598 4307 727 4373; x_wconf 82' lang='lat' dir='ltr'>putabatur</span> <span class='ocrx_word' id='word_1_307' title='bbox 744 4310 787 4372; x_wconf 76' lang='lat' dir='ltr'>Ag.</span> <span class='ocrx_word' id='word_1_308' title='bbox 807 4309 872 4357; x_wconf 78' lang='lat'>1391</span> <span class='ocrx_word' id='word_1_309' title='bbox 890 4324 940 4373; x_wconf 89' lang='lat' dir='ltr'>sq.·.</span> 
     </span>
    </p>

    <p class='ocr_par' dir='ltr' id='par_1_15' title="bbox 201 4384 1267 4621">
     <span class='ocr_line' id='line_1_38' title="bbox 501 4384 1011 4453; baseline 0.002 -15"><span class='ocrx_word' id='word_1_310' title='bbox 501 4389 641 4452; x_wconf 78' lang='grc' dir='ltr'><strong><em>χαίρουσαν</em></strong></span> <span class='ocrx_word' id='word_1_311' title='bbox 660 4388 728 4439; x_wconf 72' lang='grc' dir='ltr'><strong><em>οὐδὲν</em></strong></span> <span class='ocrx_word' id='word_1_312' title='bbox 747 4384 854 4446; x_wconf 64' lang='lat' dir='ltr'>dosevil</span> <span class='ocrx_word' id='word_1_313' title='bbox 873 4391 931 4447; x_wconf 75' lang='grc' dir='ltr'><strong><em>Διὸς</em></strong></span> <span class='ocrx_word' id='word_1_314' title='bbox 949 4392 1011 4453; x_wconf 75' lang='grc' dir='ltr'><strong><em>νότῳ</em></strong></span> 
     </span>
     <span class='ocr_line' id='line_1_39' title="bbox 501 4468 1096 4534; baseline 0 -13"><span class='ocrx_word' id='word_1_315' title='bbox 501 4475 562 4528; x_wconf 71' lang='lat' dir='ltr'>rav,</span> <span class='ocrx_word' id='word_1_316' title='bbox 580 4470 602 4520; x_wconf 85' lang='grc' dir='ltr'>εί</span> <span class='ocrx_word' id='word_1_317' title='bbox 620 4472 742 4533; x_wconf 74' lang='grc' dir='ltr'><strong><em>σπορητὸς</em></strong></span> <span class='ocrx_word' id='word_1_318' title='bbox 759 4470 867 4529; x_wconf 77' lang='grc' dir='ltr'><strong><em>κόλακος</em></strong></span> <span class='ocrx_word' id='word_1_319' title='bbox 884 4468 909 4520; x_wconf 74' lang='grc' dir='ltr'>ἓν</span> <span class='ocrx_word' id='word_1_320' title='bbox 925 4471 1096 4534; x_wconf 82' lang='grc' dir='ltr'><strong><em>λοχιόμασιν,</em></strong></span> 
     </span>
     <span class='ocr_line' id='line_1_40' title="bbox 201 4551 1267 4621; baseline -0.004 -16"><span class='ocrx_word' id='word_1_321' title='bbox 201 4572 262 4621; x_wconf 84' lang='lat' dir='ltr'>quse</span> <span class='ocrx_word' id='word_1_322' title='bbox 279 4555 313 4603; x_wconf 86' lang='lat' dir='ltr'>sic</span> <span class='ocrx_word' id='word_1_323' title='bbox 329 4570 344 4603; x_wconf 84' lang='lat' dir='ltr'>a</span> <span class='ocrx_word' id='word_1_324' title='bbox 361 4555 468 4605; x_wconf 87' lang='lat' dir='ltr'>Persouo</span> <span class='ocrx_word' id='word_1_325' title='bbox 485 4555 610 4605; x_wconf 81' lang='lat' dir='ltr'>emendata</span> <span class='ocrx_word' id='word_1_326' title='bbox 626 4558 695 4605; x_wconf 85' lang='lat' dir='ltr'>sunt:</span> <span class='ocrx_word' id='word_1_327' title='bbox 723 4553 738 4609; x_wconf 76' lang='grc'>11</span> <span class='ocrx_word' id='word_1_328' title='bbox 765 4551 925 4616; x_wconf 70' lang='grc' dir='ltr'><strong><em>διοσδότῳ</em></strong></span> <span class='ocrx_word' id='word_1_329' title='bbox 949 4552 1044 4617; x_wconf 71' lang='grc' dir='ltr'><strong><em>γάνει</em></strong></span> <span class='ocrx_word' id='word_1_330' title='bbox 1070 4555 1193 4616; x_wconf 84' lang='grc' dir='ltr'><strong><em>σπορητδς</em></strong></span> <span class='ocrx_word' id='word_1_331' title='bbox 1210 4564 1267 4602; x_wconf 91' lang='grc' dir='ltr'><strong><em>κτλ.</em></strong></span> 
     </span>
    </p>
   </div>
   <div class='ocr_carea' id='block_1_4' title="bbox 1252 4654 1269 4701">
    <p class='ocr_par' dir='ltr' id='par_1_16' title="bbox 1252 4654 1269 4701">
     <span class='ocr_line' id='line_1_41' title="bbox 1252 4654 1269 4701; baseline 0 0"><span class='ocrx_word' id='word_1_332' title='bbox 1252 4654 1269 4701; x_wconf 77' lang='lat'><em>4</em></span> 
     </span>
    </p>
   </div>
   <div class='ocr_carea' id='block_1_5' title="bbox 0 0 1636 5217">
    <p class='ocr_par' dir='ltr' id='par_1_17' title="bbox 0 0 1636 5217">
     <span class='ocr_line' id='line_1_42' title="bbox 0 0 1636 5217; baseline 0 0"><span class='ocrx_word' id='word_1_333' title='bbox 0 0 1636 5217; x_wconf 95' lang='lat' dir='ltr'> </span> 
     </span>
    </p>
   </div>
  </div>
 </body>
</html>
