3250 5217
827 406 890 471 128

398 616 416 700 ξ
441 616 470 680 2.
511 614 678 681 Conclusio.
705 616 847 682 Deorum
873 620 1057 705 uituperatio
1081 618 1168 682 16666
1190 618 1319 683 inutilis.

306 783 412 859 Quid?
451 784 661 869 Euripidesne
692 788 823 848 tandem
856 784 974 849 relictis
1006 784 1259 848 dubitationibus
1294 785 1333 848 ad
1368 786 1454 848 anti-

260 912 355 975 quam
388 890 537 975 pietatem
569 891 664 954 rediit
695 894 727 955 et
749 891 895 954 credulus
919 892 1023 954 denuo
1048 891 1196 954 omnibus
1218 890 1336 955 fabulis
1359 890 1453 955 fidem

260 996 424 1080 adjunxit,
457 1000 594 1080 deosque
623 997 791 1080 populares
827 996 982 1080 agnovit?
1017 997 1070 1060 Ita
1103 996 1169 1061 fere
1200 996 1324 1062 censuit
1352 994 1453 1060 Bern-

261 1102 362 1187 hardy
376 1101 412 1188 1).
437 1102 518 1167 Mihi
541 1123 615 1167 vero
635 1102 715 1165 illud
733 1103 889 1185 judicium
910 1123 975 1165 non
996 1105 1118 1166 rectum
1138 1102 1272 1167 videtur.
1286 1102 1454 1186 Euripides

260 1230 327 1272 non
356 1211 425 1272 toto
458 1210 564 1272 animo
601 1211 705 1273 denno
729 1208 894 1291 amplexus
920 1215 968 1271 661
991 1208 1157 1292 antiquam
1181 1208 1295 1292 fidem3
1320 1208 1454 1271 fortasse

259 1335 326 1379 uon
344 1314 449 1377 minus
470 1336 565 1397 quam
585 1317 680 1377 antea
704 1314 937 1397 mythologicas
956 1313 1120 1397 rejiciebat
1136 1313 1278 1391 fabulas,
1291 1317 1372 1378 teste
1384 1317 1453 1397 ety-

262 1420 420 1509 mologica
440 1420 543 1504 mythi
564 1420 711 1484 Bacchici
729 1420 995 1503 interpretatione
1008 1418 1035 1505 2)
1049 1420 1127 1502 (vid.
1141 1440 1195 1503 pg.
1212 1419 1300 1505 125),
1314 1420 1367 1483 sed
1381 1442 1453 1503 per·

261 1526 380 1610 spicere
403 1530 550 1611 coeperat
573 1527 630 1591 has
651 1526 870 1591 dubitationes
896 1526 1130 1610 philosophicas
1150 1548 1252 1610 neque
1272 1526 1333 1590 sibi
1353 1548 1454 1611 neque

260 1631 390 1716 reliquis
415 1633 537 1697 civibus
555 1632 729 1716 profuisse3
749 1633 849 1696 sensit
868 1654 901 1696 se
921 1632 1023 1695 nihilo
1044 1654 1110 1695 esse
1122 1632 1346 1715 sapientiorem
1360 1654 1455 1715 quam

260 1742 372 1815 antea,
405 1739 504 1802 animi
531 1740 721 1823 aequitatem
756 1761 788 1803 se
821 1738 1015 1822 perdidisse,
1046 1760 1148 1821 neque
1179 1758 1253 1801 vero
1281 1738 1454 1823 quidquam

259 1844 319 1908 hoc
340 1845 441 1929 pretio
462 1868 527 1910 esse
547 1850 770 1921 consecutum
791 1867 881 1922 nam,
904 1845 1171 1929 quemadmodum
1190 1844 1258 1927 ipse
1278 1847 1389 1909 monet
1408 1845 1455 1929 (id

258 1954 344 2035 quod
365 1974 397 2034 p.
422 1952 526 2035 priore
548 1952 639 2035 posui
663 1950 806 2036 Latine):

518 2058 569 2121 ἐπὶ
596 2057 693 2137 τούτῳ
719 2059 749 2123 δέ
774 2080 821 2131 τις
845 2058 888 2123 ἂν
907 2057 1041 2135 μεγάλοι
1066 2056 1175 2121 διώκων

520 2166 562 2228 cis
587 2164 713 2243 παρόντ’
734 2165 804 2245 οὐχὶ
829 2165 926 2244 <ticon

311 2271 391 2335 Eam
425 2270 611 2354 religionem
643 2293 738 2355 quam
762 2275 857 2335 antea
881 2271 1104 2354 repudiaverat
1125 2293 1212 2335 nunc
1235 2272 1359 2336 ratione
1383 2293 1453 2356 pro·

261 2376 359 2453 bans,
395 2377 459 2441 illis
490 2376 659 2440 sententiis
691 2379 723 2439 et
754 2398 786 2440 se
817 2377 921 2462 ipsum
956 2380 990 2441 et
1019 2378 1102 2441 cives
1136 2398 1264 2441 monere
1289 2377 1453 2442 voluitne

260 2480 396 2565 amplius
421 2481 704 2565 disceptationibus
717 2484 743 2567 ³)
768 2482 903 2545 acutulis
923 2482 1075 2547 derebus
1095 2482 1212 2547 divinis
1230 2483 1452 2567 indulgerent3

258 2588 304 2650 ait
327 2587 430 2653 enim:

293 2809 320 2871 l)
346 2810 388 2873 Pg.
411 2809 472 2859 4222
501 2810 582 2859 ‚Doch
605 2810 711 2875 empiahl
734 2827 760 2859 er
783 2811 871 2861 zuletzt
889 2812 1045 2876 Resignation
1063 2813 1112 2861 und
1129 2812 1277 2876 Hingebung
1294 2828 1325 2861 au
1342 2814 1401 2863 eost
1418 2813 1453 2863 als

232 2928 233 2931 ¹
255 2891 508 2941 unerschiitterlichen
530 2893 614 2941 Grund
637 2894 678 2941 der
700 2893 823 2942 sittlichen
845 2894 932 2957 lhuge,
951 2894 1062 2942 wthreud
1080 2910 1107 2941 er
1124 2894 1162 2942 die
1179 2894 1325 2943 Freidenlrer
1342 2897 1391 2944 und
1408 2896 1452 2944 den

256 2972 398 3037 nglauben
423 2974 465 3023 der
490 2975 623 3039 damaligen
648 2976 818 3025 Wissenschaft
840 2976 971 3040 6611616611.
995 2976 1054 3025 Eine
1070 2977 1129 3025 reite
1146 2979 1242 3026 Summe
1260 2978 1336 3026 dieser
1352 2978 1452 3027 inueren

256 3056 422 3121 Erfahruugen
445 3058 487 3106 hat
509 3074 535 3106 er
559 3074 598 3107 am
614 3058 710 3107 Schluss
727 3059 805 3107 seiner
821 3058 950 3107 Lautbahu
967 3058 994 3106 16
1011 3058 1055 3106 den
1076 3059 1181 3107 Bacchae
1197 3059 1383 3123 uiedergelegt’'.
1401 3062 1452 3108 Ns-

153 3164 155 3168 ·
255 3138 364 3203 galsbaeh
379 3140 524 3204 (Nauhhom.
541 3141 585 3189 Th.
601 3157 639 3205 pg.
655 3142 717 3205 466)
733 3142 866 3205 suspicatur
884 3140 989 3188 Bacchas
997 3156 1047 3188 esse
1054 3140 1299 3205 palinodiam,.quum
1307 3146 1331 3189 et
1341 3141 1453 3191 ultimum

256 3222 338 3269 drama
361 3229 385 3269 et
406 3221 430 3269 iu
455 3223 596 3270 Macedonia
619 3223 734 3284 scriptum
753 3238 802 3271 esse
819 3222 936 3271 videatur.
954 3225 987 3270 st
1005 3221 1149 3286 palinodiam
1167 3223 1247 3287 potius
1264 3227 1334 3271 autea
1352 3224 1453 3272 Athenis

254 3303 356 3353 scribere
382 3304 494 3353 debuerat
519 3309 545 3354 61
567 3305 711 3353 comicorum
736 3304 836 3353 dicteria
860 3307 884 3352 et
906 3304 994 3352 civium
1016 3304 1210 3369 reprehensiones
1234 3305 1357 3353 refutaret.
1382 3307 1452 3354 Nunc

255 3402 311 3435 vero
335 3386 429 3435 inutilis
451 3391 510 3435 erat.
535 3388 612 3435 Nemo
635 3387 699 3436 enim
722 3387 803 3435 eredat
825 3402 879 3434 eum
903 3386 948 3434 hoc
973 3386 1043 3434 modo
1061 3386 1117 3434 deos
1133 3386 1223 3434 inferos
1239 3386 1333 3451 placare
1350 3386 1452 3435 voluisse

254 3468 317 3529 (vide
334 3468 407 3517 etiam
425 3484 484 3532 quae
503 3469 528 3517 in
546 3468 590 3517 hac
607 3485 644 3533 pg.
664 3472 688 3517 ct
705 3484 739 3533 66.
759 3469 783 3517 16
801 3472 914 3517 contextu
929 3468 1016 3532 posui).
1036 3470 1067 3516 V.
1085 3471 1170 3531 Duruy
1190 3469 1259 3532 (Rev.
1274 3469 1297 3520 d.
1312 3470 1336 3517 d.
1353 3470 1453 3518 Mendes

256 3551 283 3598 le
309 3552 362 3600 Oct.
388 3551 452 3599 1886
476 3567 508 3615 pg
539 3552 596 3611 611)
620 3550 767 3599 Baccharum
784 3550 897 3615 pietatem
915 3549 1012 3599 ascribit
1028 3550 1108 3598 studio
1125 3551 1234 3614 placendi
1251 3552 1319 3599 aulae
1337 3553 1451 3601 Macedo-

254 3633 333 3691 nicae,
355 3634 415 3697 quae
437 3633 527 3681 seilicet
550 3633 656 3683 nondum
680 3634 709 3681 ad
726 3632 919 3681 ratiocinationes
938 3632 1113 3696 philosophicas
1130 3648 1154 3681 se
1171 3633 1305 3682 inclinaret.
1325 3634 1451 3699 Euripides

252 3716 329 3775 enim,
347 3714 435 3779 quippe
451 3715 571 3779 sophista,
592 3731 635 3763 ‚en
650 3714 781 3777 chaugeant
800 3714 828 3761 de
842 3714 904 3770 lieu,
919 3714 1043 3775 chaugeait
1058 3713 1086 3761 de
1103 3714 1236 3763 doctrine''.
1254 3719 1286 3763 At
1304 3716 1345 3779 qui
1362 3717 1452 3766 factum

251 3802 286 3846 est
310 3800 337 3845 ut
359 3796 393 3861 pii
410 3796 451 3845 isti
477 3812 542 3860 reges
560 3795 728 3860 philosophum
745 3795 863 3843 scenicum
881 3796 1025 3859 deorumque
1042 3799 1214 3845 contemtorem
1232 3798 1261 3845 ad
1278 3814 1302 3845 se
1319 3798 1450 3848 invitarent

254 3877 431 3941 honoribusque
453 3878 620 3927 cumularent?
644 3881 670 3925 61
694 3878 753 3926 61166
775 3893 869 3942 666666
887 3876 1043 3926 Athenienses
1062 3878 1288 3937 616616161661666,
1307 3880 1452 3946 66161166-

253 3961 350 4009 thonem
376 3960 574 4024 'timotheumque
597 3959 731 4008 musicum?
756 3960 817 4007 Tum
841 3959 978 4023 Euripides,
996 3960 1017 4007 si
1035 3964 1086 4009 tam
1102 3960 1171 4007 facile
1190 3960 1326 4025 opinionem
1343 3964 1452 4013 consultu
1545 4016 1549 4023 ,

254 4047 375 4100 mutaret,
397 4043 502 4107 prolecto
522 4042 675 4105 jamdudum,
699 4057 772 4105 quum
797 4042 873 4107 adhuc
896 4042 997 4090 Athenis
1022 4046 1170 4102 moraretur,
1188 4042 1302 4107 pietatem
1318 4045 1454 4095 simulasset

254 4141 314 4185 cnm
337 4126 429 4174 videret
447 4128 593 4189 quantopere
613 4123 764 4189 philosophia
780 4140 824 4173 sua
840 4124 930 4173 civibus
947 4124 1089 4189 displiceret.
1107 4125 1246 4188 Numquam
1262 4126 1367 4177 animum
1384 4128 1452 4177 indu·

261 4224 312 4258 cam
337 4212 363 4257 ut
380 4209 473 4257 credam
491 4224 545 4256 eum
562 4207 670 4256 consulto
687 4211 755 4256 tanta
772 4207 920 4271 impudentia
934 4206 1064 4256 simulasse.

292 4290 319 4355 2)
338 4291 417 4355 Quam
434 4290 538 4338 Dindort
552 4305 608 4338 sans
623 4289 728 4354 spuriam
746 4292 823 4353 putat.

288 4377 316 4439 3)
336 4376 398 4424 Cum
417 4373 456 4421 his
478 4376 559 4421 tamen
578 4372 644 4421 illam
659 4371 736 4436 mythi
751 4372 934 4435 expositionem,
948 4373 1076 4422 dummodo
1088 4374 1191 4437 genuina
1205 4375 1249 4434 sit,
1263 4392 1369 4441 pugnare
1381 4376 1452 4426 dicas.

259 4459 338 4508 Immo
363 4471 419 4505 vero
443 4455 547 4504 ostendit
569 4454 695 4519 scepticam
718 4454 836 4503 rationem
859 4459 983 4519 tantopere
1005 4456 1031 4503 iu
1054 4471 1151 4505 succum
1167 4461 1191 4506 et
1208 4459 1345 4521 sangninem
1363 4458 1385 4506 61
1403 4474 1453 4507 6666

262 4556 355 4593 versam
373 4543 400 4588 ut
416 4554 446 4587 ne
459 4537 529 4600 juxta
547 4538 605 4585 haec
621 4536 717 4599 quidem
734 4538 825 4586 munita
842 4552 870 4584 ea
885 4536 1003 4586 abstinere
1019 4538 1101 4602 possit.
