3250 5217
675 410 677 415 ’
758 423 801 487 89

185 624 260 667 enm
289 603 423 687 cogebat
454 606 602 669 naturam
632 604 665 669 et
686 603 853 670 veritatem
876 626 980 689 presse
1010 605 1117 690 sequi,
1144 604 1262 671 ferreas
1283 605 1372 690 leges

186 709 303 794 quibus
326 730 376 775 rea
392 708 550 775 hnmanae
569 710 835 776 administrantur
854 711 973 777 maiore
994 712 1027 777 ri
1044 712 1237 779 inculcabat.
1260 710 1374 797 Neque

188 815 438 881 obliviscendum
466 820 514 882 est
544 838 614 881 sum
645 818 789 902 quamvis
820 819 961 895 tardam,
986 821 1185 884 constantem
1209 821 1317 884 tamen
1341 820 1375 884 et

189 925 307 987 certam
330 923 486 988 rationem
510 923 651 989 bumana
674 924 752 989 vitia
773 924 946 989 ulciscendi
970 924 1030 990 diis
1054 924 1245 991 attribuisse.

235 1029 339 1095 Venio
359 1030 428 1121 jam
452 1030 492 1095 ad
513 1030 624 1115 poesin
641 1030 815 1114 tragicam,
835 1052 916 1115 quae
935 1032 971 1095 in
990 1031 1099 1096 eadem
1112 1030 1176 1097 fere
1187 1031 1374 1097 versabatur

190 1136 382 1202 conditione.
417 1136 501 1202 Nam
531 1158 630 1220 quum
650 1136 777 1221 justitia
799 1137 909 1202 divina
930 1137 1121 1202 illustranda
1143 1142 1225 1203 esset
1248 1138 1372 1204 casibus

191 1264 319 1322 eorum,
350 1242 406 1327 qni
432 1242 659 1311 severissimam
683 1265 752 1308 eam
776 1244 899 1329 experti
920 1245 1043 1322 essent,
1066 1243 1136 1309 fieri
1158 1265 1225 1308 non
1248 1246 1374 1329 poterat

190 1349 269 1435 quin
300 1348 344 1413 dii
375 1349 516 1414 duriores
545 1349 710 1433 prodirent
741 1352 774 1413 et
804 1350 1004 1415 crudeliores.
1028 1348 1119 1426 Quod
1144 1371 1241 1436 quum
1265 1350 1373 1435 utique

189 1454 225 1519 in
260 1455 349 1540 poesi
377 1455 500 1540 tragica
529 1454 631 1519 vitatu
661 1454 820 1521 difficilius
849 1460 931 1522 esset
960 1478 1057 1542 quam
1088 1456 1122 1521 in
1146 1456 1233 1541 poesi
1254 1454 1374 1541 lyrica,

189 1564 259 1625 tum
293 1559 529 1646 Aeschylus
563 1582 629 1626 non
659 1561 695 1625 in
722 1582 831 1627 eorum
858 1564 927 1627 erat
949 1583 1097 1640 numero,
1118 1563 1174 1648 qui
1197 1562 1320 1627 lubrica
1343 1564 1376 1627 et

190 1667 342 1751 ambigna
359 1667 395 1732 in
414 1668 544 1733 deorum
563 1670 680 1733 natura
699 1670 732 1733 et
750 1669 906 1753 regimine
925 1668 1208 1753 praetermittenda
1227 1668 1277 1733 vel
1296 1689 1375 1733 con·

190 1774 276 1839 sulto
299 1774 433 1839 celanda
449 1778 613 1840 censerent
619 1796 627 1853 ;
648 1797 756 1840 verum
776 1776 888 1839 audaci
906 1775 1036 1860 ingenio
1056 1773 1233 1861 praeditus,
1253 1774 1376 1839 studio-

191 1902 306 1965 susque
324 1881 537 1966 cognoscendi
554 1903 659 1946 rerum
677 1882 819 1947 rationes
839 1920 881 1931 -
901 1881 1072 1963 oxidraces
1092 1888 1151 1946 τῶν
1173 1882 1271 1958 πάνυ,
1283 1880 1378 1945 utait

190 1985 376 2053 Athenaeus
395 1986 500 2073 (VIII.
512 2010 545 2072 p.
560 1988 624 2053 347
638 1986 696 2073 E),
711 2026 753 2037 -
766 1988 952 2054 difficillima
964 2009 1107 2073 quaeque
1119 1987 1375 2073 aggrediebatur.

191 2093 232 2158 In
255 2094 364 2179 paucis
383 2098 490 2186 tamen
508 2093 640 2177 fabulis,
661 2116 742 2179 quae
761 2117 778 2159 e
796 2098 888 2160 tanto
908 2117 1039 2162 numero
1058 2098 1194 2160 aetatem
1213 2094 1376 2172 tulerunt,

192 2222 298 2267 secum
326 2202 506 2287 pugnantia
533 2201 673 2268 indicare
695 2202 821 2267 facilius
843 2205 893 2269 est
914 2224 1010 2289 quam
1033 2204 1152 2267 certam
1175 2199 1376 2285 disciplinam

190 2307 231 2370 ad
253 2328 349 2391 qnam
372 2307 481 2374 omnia
501 2308 689 2373 referantur.

237 2412 336 2498 Saepe
367 2418 594 2479 commemorat
614 2414 675 2479 fati
696 2416 914 2481 necessitatem
937 2416 1101 2483 invictam.
1124 2414 1165 2480 In
1188 2412 1377 2479 Prometheo

81 2580 84 2587 .
191 2517 317 2603 Jupiter
343 2541 409 2585 non
440 2521 543 2587 solum
574 2520 641 2586 eius
672 2521 804 2607 imperio
834 2521 994 2607 subjectns
1016 2523 1082 2601 eat,
1105 2521 1160 2587 sed
1183 2520 1277 2586 etiarn
1300 2518 1377 2605 quid

191 2625 333 2691 futurum
369 2626 412 2691 sit
431 2626 561 2713 ignorat
590 2631 623 2693 et
645 2650 687 2694 ne
709 2633 820 2713 suapte
842 2629 969 2715 quidem
992 2630 1025 2695 vi
1047 2627 1163 2695 mentis
1188 2646 1378 2712 cognoscere

192 2735 307 2817 potest.
331 2731 527 2819 Ambiguum
551 2735 676 2801 videtur
699 2757 741 2800 an
764 2735 942 2821 Aeschylus
960 2735 1067 2800 omnia
1087 2734 1155 2800 fato
1170 2732 1377 2818 fiericredat;

191 2839 353 2923 perspexit
383 2840 495 2905 saltam
522 2863 619 2926 qnam
653 2842 695 2907 eit
725 2841 852 2908 difficile
883 2845 1029 2909 accurate
1060 2840 1191 2907 definire
1220 2843 1378 2926 qnantum

191 2944 239 3009 illi
258 2945 301 3010 sit
319 2945 540 3026 tribuendum,
557 2951 715 3033 qnantum
726 2947 845 3013 liberae
854 2948 1022 3013 hominum
1033 2946 1203 3013 voluntati.
1216 2943 1377 3030 Clytaem-

193 3056 301 3119 nestra
322 3053 472 3119 facinoris
494 3055 543 3120 sui
562 3057 688 3139 culpam
708 3058 742 3119 et
761 3056 983 3121 anctoritatem
1003 3054 1127 3121 confert
1145 3054 1182 3119 in
1201 3060 1308 3133 μοῖραν
1328 3052 1378 3116 vel

193 3159 325 3239 δαίμονα
360 3157 516 3246 (Ohoepb.
547 3162 629 3241 910,
653 3161 769 3246 Agam.
796 3161 882 3227 1475
906 3170 1006 3248 sqq),
1030 3166 1064 3228 et
1086 3161 1182 3226 etiam
1204 3159 1321 3225 chorus
1342 3158 1378 3222 in

190 3267 331 3332 maxima
350 3270 494 3332 versatur
513 3267 712 3333 dubitatione
728 3289 823 3352 quem
835 3268 1033 3352 potissimum
1045 3268 1139 3333 huius
1150 3266 1255 3333 medis
1267 3266 1378 3330 aneto·

192 3394 260 3437 rem
282 3372 416 3456 habeat,
438 3370 723 3458 Clytaemnestram
742 3396 784 3439 an
806 3374 915 3439 divum
933 3375 1070 3461 aliquem
1090 3373 1167 3460 (Ag.
1190 3373 1289 3439 1481.
1309 3392 1378 3457 sqq.

196 3478 282 3543 1505
298 3500 368 3564 sqq.
391 3478 478 3543 1530
490 3480 575 3565 sqq.)
595 3478 719 3545 Scelera
738 3480 927 3565 malaqnein
942 3481 1165 3566 Pelopidarum
1177 3480 1380 3563 domoqunm

194 3587 290 3668 poeta
311 3584 482 3670 perspiciat
505 3586 644 3650 naturali
666 3587 802 3672 quadam
824 3587 1029 3673 colligatione
1047 3590 1193 3652 conserta
1212 3586 1379 3652 contexta·

194 3712 257 3775 que
279 3692 436 3770 evenisse,
459 3691 493 3756 id
515 3694 601 3776 quod
624 3690 804 3759 Herodotus
827 3694 1075 3780 superstitiosius
1092 3692 1381 3780 repetitanumine

193 3796 305 3861 divino
332 3798 494 3882 usquead
517 3797 664 3881 quintum
689 3818 790 3880 genus
813 3799 966 3865 scelerum
990 3800 1134 3878 vindice,
1158 3800 1226 3885 ipse
1249 3799 1379 3864 confuse

190 3905 320 3968 revocat
342 3904 383 3967 ad
401 3903 559 3989 justitiam
580 3904 720 3969 divinam
740 3909 773 3969 et
792 3926 919 3971 eausam
938 3907 1133 3983 naturalem,
1146 3926 1227 3989 quae
1239 3904 1380 3970 efficiant

193 4012 230 4073 ut
258 4030 400 4094 quaeque
433 4010 542 4075 caedes
569 4030 671 4075 norae
694 4010 799 4076 caedis
823 4012 1079 4077 consecutionem
1102 4011 1137 4076 in
1160 4031 1193 4077 se
1216 4009 1334 4075 habeat
1347 4017 1380 4090 ¹).

194 4113 263 4179 Nec
292 4136 358 4179 non
386 4115 545 4202 Erinnys,
579 4138 675 4202 quam
697 4116 875 4183 facinorum
898 4118 1055 4185 vindicem
1078 4117 1190 4203 fingit,
1214 4106 1380 4202 principiis

194 4220 304 4287 divino
326 4226 360 4288 et
381 4225 519 4291 naturali
541 4228 688 4291 concreta
707 4228 740 4291 et
761 4225 862 4291 mixta
884 4226 1010 4293 ridetur
1032 4225 1187 4313 (Oboeph.
1212 4226 1290 4304 400,
1314 4223 1380 4290 650

195 4385 390 4406 Μ

227 4477 256 4541 1)
270 4478 367 4527 Orestes
379 4492 473 4543 qnoque
488 4477 688 4543 Clytaemestrae
702 4478 779 4529 latum
792 4478 899 4543 culpmi
913 4478 1033 4546 (Oboepb.
1049 4479 1125 4545 ⁹10)=
1142 4476 1157 4535 t
1173 4480 1254 4541 Μοῖρα
1267 4475 1381 4535 sedem.

197 4547 215 4603 ὅ
232 4554 328 4613 τέκνον,
345 4558 467 4621 sufferta
482 4563 537 4627 epte
552 4561 690 4627 respondete
708 4559 751 4610 aul
767 4558 840 4612 τόνδε
855 4560 938 4611 τοίνυν
951 4549 1023 4625 Motp’
1039 4557 1169 4625 iaetpevm
1185 4562 1264 4626 μόρον.
