3250 5217
640 1228 1033 1341 EPlLOGUS.

737 1486 925 1500 Ψ-

290 1654 394 1740 Siqnis
417 1654 451 1717 in
475 1652 582 1736 aliqua
603 1652 734 1735 regione
756 1652 952 1737 aliquamdiu
976 1655 1118 1717 moratus
1138 1657 1186 1718 est
1204 1674 1337 1737 eamque
1354 1651 1436 1716 bene

246 1758 435 1846 cognoscere
465 1758 606 1835 studuit,
633 1758 819 1842 priusquam
853 1760 1013 1836 discedat,
1046 1760 1125 1825 duce
1155 1759 1270 1823 intimo
1298 1758 1436 1842 quodem

247 1868 346 1933 animi
381 1868 471 1930 motu
506 1887 575 1929 earn
607 1886 624 1929 e
655 1864 725 1929 loco
750 1866 960 1930 eminentiore
982 1869 1176 1950 postremum
1200 1865 1299 1930 oculis
1322 1863 1438 1929 collus-

246 1977 330 2039 trare
353 1974 443 2037 solet.
480 1970 531 2035 Sic
563 1970 656 2034 nobis
678 1971 712 2034 in
736 1970 800 2035 fine
824 1971 924 2035 libelli
945 1972 1170 2056 disputationis
1189 1992 1345 2036 summam
1364 1970 1438 2035 bre-

246 2080 371 2159 vissime
393 2080 533 2162 repetere
555 2075 642 2141 libet.

293 2183 454 2269 Apparuit
485 2184 585 2267 igitur
608 2187 682 2247 ante
706 2185 814 2248 omnia
837 2182 1023 2267 Euripidem
1046 2204 1112 2248 non
1135 2183 1232 2248 fuisse
1255 2206 1292 2248 ea
1315 2182 1438 2267 ingenii

248 2291 430 2369 constantia
449 2292 482 2354 et
501 2289 679 2354 subtilitate
702 2292 738 2354 ut
754 2291 790 2354 in
811 2290 983 2373 cogitando
995 2290 1118 2354 ratione
1130 2294 1162 2354 et
1173 2291 1226 2355 rie
1237 2289 1436 2375 procederet,

248 2420 356 2464 verum
381 2400 418 2460 ut
440 2399 566 2479 poetam
592 2396 693 2480 magis
716 2418 812 2480 quam
836 2395 1061 2479 philosophum
1073 2396 1177 2460 obiter
1189 2399 1316 2460 tantum
1329 2394 1438 2460 omnia

248 2504 410 2571 delibasse.

292 2608 454 2673 Educatus
474 2612 507 2672 et
525 2608 653 2671 adultus
673 2608 711 2671 iis
730 2608 944 2693 temporibus,
962 2631 1061 2694 quum
1073 2608 1185 2692 religio
1198 2629 1299 2673 mores
1312 2607 1439 2673 vivendi

248 2718 387 2782 rationes
418 2714 553 2780 traditae
580 2715 646 2799 jam
675 2715 962 2791 inveterascerent,
986 2716 1071 2778 inter
1095 2715 1214 2799 primos
1238 2736 1290 2778 eas
1311 2715 1438 2798 vitupe-

247 2824 347 2900 ravit,
389 2820 672 2903 auctoritatemque
710 2842 818 2883 earum
854 2819 1040 2905 plerumque
1076 2842 1158 2884 vana
1192 2821 1342 2905 opinione
1377 2819 1437 2882 niti

248 2928 494 3004 demonstravit;
534 2927 588 2991 sed
624 2948 695 2991 oum
727 2947 810 2991 nova
844 2926 911 3010 ipse
946 2930 1101 3005 tentaret,
1145 2928 1178 2992 id
1212 2928 1317 3012 ipsum
1352 2927 1437 3010 quod

247 3035 371 3121 ingenii
405 3033 582 3098 subtilitate
616 3032 744 3097 carebat
777 3037 810 3096 et
846 3034 980 3119 antique
1011 3056 1139 3119 prorsus
1170 3034 1349 3119 relinquere
1381 3054 1439 3097 nec

248 3144 391 3227 poterat,
416 3141 532 3225 quippe
556 3143 664 3224 poeta,
691 3160 749 3203 nec
773 3139 928 3217 audebat,
954 3140 1059 3204 effecit
1082 3142 1173 3204 utin
1195 3140 1439 3205 summisrebns

249 3249 331 3314 nihil
350 3248 444 3313 solidi
462 3250 696 3330 assequeretur,
717 3249 750 3309 et
770 3247 865 3310 modo
889 3248 949 3311 hoc
973 3248 1066 3311 modo
1090 3247 1170 3311 illud
1193 3248 1318 3329 dicens,
1342 3251 1438 3330 prout

251 3355 402 3421 suadebat
432 3353 514 3418 ratio
546 3353 611 3416 eius
642 3352 688 3416 rei
719 3373 782 3437 qua
814 3357 987 3436 occupatus
1018 3357 1104 3431 eret,
1137 3354 1197 3419 sibi
1220 3354 1287 3439 ipse
1309 3353 1440 3417 minime

250 3465 420 3527 constaret.

296 3566 478 3632 Sententiae
509 3564 549 3629 ad
580 3586 686 3628 rerum
718 3566 866 3629 naturam
898 3568 1095 3651 pertinentes
1123 3589 1240 3653 paucas
1264 3572 1296 3632 et
1319 3567 1441 3652 simpli-

251 3674 392 3738 cissimas
421 3692 548 3736 nonen
572 3669 704 3735 alicuius
727 3668 910 3756 philosophi
932 3672 1059 3752 schole,
1084 3676 1138 3739 sed
1162 3696 1179 3739 e
1206 3677 1340 3739 naturae
1364 3695 1442 3738 con-

251 3779 459 3863 templatione
494 3780 527 3841 et
556 3776 755 3842 suariorum
790 3778 1028 3863 disciplinarum
1064 3802 1256 3866 poeseosque
1291 3780 1442 3864 antiquae

252 3884 436 3969 cognitione
459 3883 575 3949 hausit.

272 4006 273 4011 ’
297 3991 350 4056 Ab
370 3990 574 4075 opinionibus
593 3991 802 4075 popularibus
820 3992 859 4057 de
877 3992 972 4057 rebus
992 3992 1110 4057 divinis
1129 3994 1183 4057 diu
1196 4014 1261 4058 non
1274 3993 1442 4058 descivisse

252 4099 387 4164 videtur.
413 4097 586 4181 Postquam
610 4120 684 4163 vero
708 4098 736 4162 ei
756 4120 941 4181 persuasum
961 4103 1008 4163 est
1028 4101 1122 4163 deum
1142 4102 1287 4184 oportere
1306 4100 1443 4183 probum

253 4228 336 4283 esse,
369 4207 444 4269 deos
475 4205 642 4289 populares
667 4205 782 4269 aeriter
805 4204 1034 4287 reprehendere
1058 4205 1171 4289 coepit.
1207 4204 1310 4281 Quum
1334 4210 1442 4271 tamen

252 4314 319 4398 ipse
338 4311 457 4374 frustra
475 4313 640 4394 quaereret
658 4310 761 4395 qualis
774 4314 856 4374 esset
869 4312 987 4374 natura
998 4311 1126 4375 deorum
1138 4359 1145 4390 ,
1159 4333 1260 4396 neque
1271 4312 1444 4396 quidquem

254 4418 421 4503 proficeret
439 4416 502 4481 nisi
521 4419 606 4501 quod
625 4418 670 4481 rei
689 4416 921 4482 obscuritatem
933 4418 1139 4502 perspiceret,
1153 4422 1255 4483 aetate
1267 4420 1446 4503 provectior

254 4525 439 4609 religionem
462 4524 647 4609 popularem
670 4524 861 4608 impugnare
885 4524 986 4587 desiit.
