3250 5217
836 350 879 415 46

466 532 518 615 ἐρᾷ
544 533 601 609 μὲν
624 530 738 609 όμβροο
763 533 835 608 γαῖ’
859 528 934 595 ότοον
957 529 1045 609 ξηρὸν
1070 534 1160 596 πέδον

466 635 604 716 ἄκαρπον
630 638 745 718 οούχμῷ
769 639 880 708 νοτίδος
906 638 1007 710 ἐνδεῶς
1033 635 1113 719 ἔχρ·

466 745 519 827 ἐρᾷ
544 745 570 810 δ’
594 746 607 809 ό
631 742 740 820 σεμνός
766 744 887 825 οὐροονδς
912 743 1118 825 πληρούμενος

465 850 581 930 όμβρου
606 859 711 917 πεσεῖν
735 852 776 922 εἰς
801 857 901 929 γοοῖοον
926 849 1111 931 Ἀφροδίτης
1137 848 1213 915 ὕπο·

465 953 540 1022 ότοον
565 958 595 1022 δὲ
619 959 836 1037 συμμιχθῆτον
861 959 890 1028 ἐς
913 958 1029 1024 τοούτδν
1053 957 1123 1034 δύο,

467 1065 595 1145 Φόονσνν
619 1066 691 1142 ἡμῖν
714 1063 822 1129 πόντον
845 1065 897 1130 aa}
923 1066 1067 1148 τρόφοοσ’
1088 1061 1181 1142 ἅμα,

467 1170 504 1236 δι’
528 1167 566 1236 ὧν
589 1169 724 1250 βρότειον
748 1170 785 1252 ζῇ
810 1195 846 1235 τε
869 1171 922 1235 aa}
948 1170 1055 1237 όοόλλεν
1086 1171 1185 1250 γένος.

310 1278 424 1345 Sextus
446 1276 539 1361 Emp.
565 1278 610 1363 (p.
635 1277 712 1362 539,
738 1276 798 1355 15,
821 1276 899 1341 Eur.
922 1277 962 1341 fr.
989 1277 1105 1356 1012):

469 1384 573 1461 οοῖόόροο
598 1384 650 1448 aa}
675 1392 774 1461 γοοῖοον
798 1383 920 1448 πόντων
944 1384 1120 1462 γενέτενροον
1144 1384 1243 1449 οἲεόδοο.

311 1491 464 1556 Videmus
484 1492 630 1554 nostrum
650 1490 746 1555 variis
761 1490 840 1554 loeis
852 1490 1043 1554 seutentiam
1057 1481 1225 1555 enuntiare
1236 1492 1322 1574 quod
1334 1488 1456 1555 eoelum

266 1599 345 1684 (sive
376 1601 429 1661 atr
459 1596 525 1661 sive
555 1596 677 1680 aether)
709 1600 742 1660 et
771 1601 857 1661 terra
880 1599 1051 1681 postquam
1074 1618 1092 1661 e
1115 1596 1196 1661 ehao
1222 1596 1359 1661 formate
1382 1598 1458 1659 sunt
1505 1604 1508 1609 ·
1615 1587 1616 1610 ³

266 1706 350 1769 inter
373 1725 406 1767 se
425 1704 539 1787 juncta
561 1702 669 1765 omnia
693 1703 933 1786 generaverint,
958 1702 1023 1767 sive
1043 1703 1129 1786 quod
1146 1710 1231 1767 terra
1242 1702 1350 1786 pluvia
1362 1698 1458 1765 feraci

268 1810 306 1875 de
338 1807 425 1875 coelo
456 1812 607 1893 concepta
638 1808 782 1873 omnium
811 1830 916 1873 rerum
941 1812 1042 1873 mater
1066 1809 1232 1874 exstiterit.
1257 1807 1349 1872 Nihil
1373 1806 1458 1871 enim

268 1917 402 1981 interest
424 1915 545 1979 eoelum
570 1915 655 1979 dieat
678 1936 717 1979 au
744 1919 818 1978 aera
841 1936 882 1979 an
906 1914 1045 1979 aethera.
1071 1914 1140 1979 Illis
1153 1913 1349 1998 temporibus
1361 1912 1458 1977 etiem
1538 1925 1541 1931 '

268 2021 451 2108 philosophi
480 2020 603 2106 physici
634 2020 746 2085 iisdem
767 2022 802 2085 iu
826 2021 920 2085 rebus
944 2021 1069 2086 diverse
1091 2042 1185 2106 saepe
1209 2021 1340 2084 nomina
1366 2040 1458 2082 usur·

269 2129 407 2214 pabaut3
433 2130 553 2211 quanto
582 2127 685 2211 magis
707 2127 807 2211 igitur
829 2129 942 2211 poeta!
977 2127 1088 2213 Neque
1107 2127 1260 2212 placitum
1285 2148 1376 2191 suum
1400 2145 1458 2209 pro

269 2236 392 2300 ratione
433 2254 563 2318 poeseos
597 2233 693 2297 variis
731 2233 833 2297 modis
873 2237 1020 2297 ornatum
1059 2234 1201 2318 proferre
1235 2233 1458 2319 praetermisit.

270 2341 392 2406 Aether
422 2340 510 2403 velut
540 2342 630 2424 peter
652 2338 856 2403 matrimonio
876 2340 1009 2423 junctus
1032 2346 1081 2412 est
1101 2362 1172 2405 eum
1197 2343 1281 2404 terra
1304 2342 1405 2403 matre
1428 2341 1460 2402 et

271 2448 345 2532 quia
376 2466 517 2510 summus
546 2444 622 2509 deus
651 2465 717 2509 esse
749 2444 884 2529 fingitur
914 2444 1097 2530 frequenter
1119 2446 1246 2531 Jupiter
1269 2445 1461 2533 appelletur.

271 2552 369 2638 Apud
391 2550 566 2617 Luciauum
590 2549 679 2634 (Jup.
702 2549 796 2635 Trag.
811 2551 886 2635 41,
910 2549 985 2615 Eur.
1011 2551 1049 2617 fr.
1074 2553 1172 2639 935):

476 2658 545 2741 όρᾷς
569 2656 620 2721 τόν
643 2658 722 2737 ὑψοῦ
746 2656 826 2722 τόνδ’
851 2655 973 2738 ἄπειρον
997 2658 1101 2739 οοίόόροο

481 2764 532 2830 κοοδ
556 2771 616 2842 γῆν
640 2761 727 2844 πέριξ
751 2761 850 2845 ἔχονθ’
874 2765 982 2846 ὑγροῖς
1007 2766 1037 2830 ἐν
1063 2765 1242 2844 &ysaram

480 2874 585 2936 τοῦτον
608 2869 708 2950 νόμιζε
734 2877 836 2950 Ζῆνος,
862 2871 940 2936 τόνδ’
966 2875 1042 2950 ἡγοῦ
1065 2876 1139 2938 όεόν.

319 2978 359 3044 In
389 2978 429 3042 fr.
463 2978 529 3042 836
558 2998 683 3062 quoque
711 2999 807 3061 supra
837 2977 968 3042 laudato
991 2978 1126 3063 legimus
1150 2980 1244 3050 »Διὸς
1270 2978 1388 3059 οἲόὴρ.”
1423 2977 1463 3041 In

275 3087 313 3153 fr.
339 3086 422 3152 869:
590 3084 664 3148 ἀλλ’
689 3084 773 3162 οἷόνὶρ
798 3108 833 3149 σε
857 3085 955 3149 τόνπεν
982 3085 1054 3165 κόροο

595 3191 671 3261 Ζεὺς
696 3186 726 3261 δς
750 3190 913 3269 οδνόρόοπονς
937 3191 1131 3273 όνομοόζεποον.

321 3297 435 3364 Troad.
460 3297 525 3363 884
549 3319 617 3383 sqq.
642 3294 774 3361 Heeuba
797 3297 858 3362 hae
881 3298 1005 3364 rationo
1026 3298 1138 3363 Jovem
1163 3297 1353 3383 alloquitur:

525 3401 546 3468 ὦ
570 3411 629 3481 γῆς
654 3402 763 3485 όχημοο
788 3404 866 3468 κοὶπδ
890 3412 950 3482 γῆς
975 3405 1055 3487 ἔχων
1079 3401 1184 3484 ἕδροον,

522 3506 603 3582 όστος
628 3512 697 3574 ποτ’
721 3505 752 3574 εἷ
771 3511 827 3587 σὺ,
851 3512 1064 3584 δυστόπαστος
1089 3512 1198 3577 εἰδέναι

526 3620 603 3688 Ζεὺς
612 3663 734 3694 ......
767 3615 827 3693 Qui
858 3621 965 3683 autem
992 3623 1109 3683 terram
1142 3619 1205 3683 fert
1239 3620 1272 3682 et
1301 3639 1409 3681 rursus
1430 3616 1463 3679 in

278 3747 315 3790 ea
349 3727 453 3789 sedem
488 3746 578 3787 suam
613 3722 728 3800 habet,
760 3723 787 3787 is
819 3726 867 3787 est
896 3724 1023 3802 aether,
1055 3727 1092 3788 ut
1121 3723 1285 3808 perspicue
1320 3726 1466 3788 doeemur

278 3830 377 3895 sehol.
407 3828 541 3897 ibidem:
574 3828 661 3906 λέγει
690 3828 719 3893 δὲ
744 3828 794 3892 τὸν
819 3825 952 3908 οῑέροο·ὦ
976 3830 1110 3911 συνέχων
1136 3832 1190 3902 πνδν
1214 3838 1285 3908 γῆν,
1313 3826 1378 3894 ἔστι
1404 3831 1467 3907 γὰρ

279 3938 330 4002 κον)
352 3936 508 4016 ε’ποόνονόενι
521 3936 577 4014 rite
599 3935 651 3999 καὶ
674 3934 778 4019 κότον,
795 3937 834 4008 ὡς
848 3936 902 4009 τὴν
913 3942 973 4013 γῆν
986 3932 1061 4000 οἶνον
1075 3935 1222 4015 μετέωρον
1237 3934 1272 4021 ¹),
1285 3938 1318 4000 et
1328 3935 1369 4002 fr.
1382 3935 1463 3999 911:

540 4044 655 4123 κορυφὴ
680 4041 711 4106 δὲ
737 4041 806 4105 όεῶν
832 4043 845 4106 ό
870 4039 987 4122 πέριξ
1011 4041 1097 4121 χθόν’
1123 4041 1202 4123 ἔχων

539 4146 668 4228 φοεννός
693 4148 733 4211 a?
744 4147 784 4221 όνὶ
791 4172 817 4226 ρ.

286 4302 462 4315 ,..--.-.--

316 4404 342 4469 1)
360 4403 396 4452 of.
420 4400 623 4467 erotophus.
643 4403 703 4451 aer:

423 4478 440 4532 ὦ
459 4480 563 4531 δέσποτ’
581 4481 657 4549 όνοοξ,
674 4481 797 4546 ἀμέτρητ’
817 4482 889 4544 ’Afra
906 4481 932 4541 ὃς
949 4481 1020 4546 ’ἔχοις
1037 4483 1082 4540 τὴν
1098 4486 1146 4547 γῆν
1163 4483 1244 4546 μετέ
1249 4503 1268 4535 νο
1274 4502 1329 4546 ρον,
