3250 5217
777 792 867 860 XIX.

237 1054 240 1057 -
270 1003 352 1069 Ibid.
377 994 430 1069 ΙΙΙ
453 1024 479 1067 e.
504 998 543 1068 8:

269 1124 358 1201 Quod
382 1128 414 1189 et
437 1146 534 1189 naves
553 1124 674 1188 habent
694 1122 811 1188 Veneti
829 1115 1000 1205 plurimas,
1019 1120 1136 1204 quibus
1155 1120 1196 1183 in.
1211 1116 1413 1183 Britanniam

231 1248 382 1333 navigare
412 1248 623 1323 consuerunt,
657 1249 688 1309 et
717 1242 850 1309 seientia
880 1245 975 1327 atque
1004 1264 1062 1306 usu
1087 1241 1288 1305 nautioarum
1310 1261 1416 1304 rerum

227 1372 365 1456 reliquos
394 1370 585 1433 antooedunt
616 1372 648 1431 et
674 1367 709 1431 in
740 1386 859 1451 magno
889 1366 1012 1449 impetu
1041 1364 1135 1428 maris
1166 1367 1262 1448 atque
1286 1366 1416 1448 apert0‚

223 1492 332 1578 paucis
354 1489 499 1576 portibus
522 1489 715 1575 interjectis,
741 1509 820 1572 quos
844 1489 958 1552 tenent
972 1486 1061 1572 ipsi,
1085 1508 1195 1552 omnes
1217 1485 1283 1551 fere
1301 1457 1357 1571 qui
1378 1507 1416 1550 eo

225 1614 304 1678 mari
327 1612 376 1677 uti
397 1613 593 1678 consuerunt
615 1611 736 1675 habent
760 1609 941 1695 vectigales.

270 1734 478 1800 scribendum
502 1734 557 1797 »in
582 1753 699 1817 magno
723 1732 846 1817 impetu
870 1731 966 1795 maris
989 1733 1092 1795 »vasti
1114 1743 1206 1816 atque
1227 1731 1362 1818 aperti''.

785 1976 856 2042 XX.

272 2188 354 2254 lbid.
379 2186 428 2252 IV
452 2209 479 2253 o.
506 2188 565 2252 16:

200 2294 204 2301 ¹
272 2308 411 2376 Tantum
434 2328 501 2373 esse
524 2328 641 2373 nomeu
664 2308 760 2391 atqua
783 2305 967 2390 opinionem
990 2306 1057 2371 eins
1080 2304 1236 2370 exereitus
1255 2295 1418 2369 Ariovisto

226 2432 317 2518 pulso
349 2435 384 2496 et·
410 2431 471 2495 hoe
501 2430 673 2495 novissimo
697 2428 818 2513 proelio
840 2428 927 2493 facto
950 2428 1046 2492 eliam
1069 2429 1111 2492 ad
1134 2426 1263 2491 ultimas
1286 2424 1418 2492 Germa-

226 2575 340 2618 norum
371 2552 535 2629 nationes,
569 2551 617 2615 uti
650 2549 800 2635 opinione
830 2554 862 2614 et
891 2548 1031 2614 amicitia
1061 2548 1172 2634 populi
1193 2543 1332 2613 Romani
1355 2548 1419 2613 tuti

228 2695 294 2738 osse
316 2673 450 2758 possint.

273 2794 453 2879 Ejioiantur
475 2795 571 2860 verba
594 2797 758 2883 »opinione
782 2796 843 2861 οῖ’.

779 3036 869 3104 XXI.

275 3216 895 3328 mummamum:

274 3367 350 3444 Quis
386 3370 451 3431 tam
485 3366 631 3432 inimicus
664 3389 766 3452 pasno
799 3367 923 3433 nomini
956 3358 1101 3431 Romano
1135 3367 1201 3442 est,
1234 3363 1289 3449 qui
1318 3354 1418 3429 Ennii

231 3488 375 3554 Medeam
410 3491 466 3554 aut
495 3487 670 3573 Antiopam
702 3489 832 3555 Pacuvii
863 3491 992 3583 spernat
1020 3490 1077 3553 aut
1105 3486 1246 3572 rejiciat,
1277 3486 1363 3570 quod
1388 3508 1421 3551 se

230 3610 330 3675 isdem
353 3609 515 3695 Euripidis
537 3609 656 3675 fabulis
679 3610 829 3675 delectari
853 3610 955 3693 dicat,
981 3608 1123 3695 [Latinas
1142 3608 1250 3671 literas
1269 3606 1396 3691 oderit}

276 3731 384 3797 Verba
416 3729 541 3810 uncinis
564 3732 687 3810 inolusa
710 3736 766 3798 aut
789 3733 898 3818 spuria
921 3736 977 3797 aut
999 3731 1139 3817 graviter
1162 3731 1313 3815 corrupta
1336 3733 1436 3803 sunt.

772 3949 1033 4041 m.

276 4179 356 4245 Ibid.
379 4178 430 4244 III
456 4182 508 4263 16,
535 4181 617 4248 123,

277 4299 337 4366 Sed
370 4322 440 4378 eos,
472 4300 527 4385 qui
554 4300 589 4364 in
619 4300 725 4385 aliquo
758 4299 879 4365 honora
908 4300 991 4377 sint,
1015 4321 1149 4385 quorum
1175 4299 1253 4365 ordo
1276 4299 1420 4385 proxime

232 4421 370 4505 aceedit,
396 4424 434 4487 ut
455 4422 611 4487 socundus
634 4422 692 4499 sit,
717 4423 757 4486 ad
781 4422 904 4507 regium
924 4420 1152 4508 principatum.

277 4543 465 4609 Tollendum
490 4542 645 4608 emblema
669 4555 725 4609 »ut
749 4546 894 4609 neamus
917 4542 991 4609 ΜΤ.
