3250 5217
735 418 797 482 137

171 601 336 685 opiniones
359 622 439 685 quas
461 599 631 684 Euripides
653 600 746 665 tueri.
770 600 857 666 Num
880 601 978 686 igitur
1002 600 1037 665 hi
1055 622 1182 686 quoque
1202 623 1221 665 a
1240 602 1357 685 populo

171 708 422 773 dissentiebant?
457 706 505 772 At
533 710 616 771 artes
648 707 819 793 literaeque
851 708 991 773 Graecae
1020 729 1144 792 semper
1172 707 1257 772 visae
1286 711 1362 772 sunt

169 836 234 879 non
268 813 309 877 ab
344 812 528 878 hominibus
563 814 664 878 doctis
694 836 762 878 esso
793 813 1006 890 constitutae,
1041 834 1151 903 verum
1186 813 1361 878 arctissime

170 920 335 987 cohaerere
359 941 431 984 oum
453 920 584 1004 ingenio
607 919 773 1004 populari,
792 920 827 983 in
846 941 910 1004 quo
928 919 1174 984 fundamentum
1192 942 1285 985 suum
1304 919 1363 983 ha·

171 1027 290 1091 beroni.
314 1024 479 1101 Quomodo
501 1025 601 1109 igitur
622 1027 701 1090 hacc
723 1027 833 1090 omnia
854 1026 1042 1109 explicanda
1065 1029 1164 1090 sunt?

214 1131 314 1196 Genti
333 1132 486 1216 juvenili,
511 1132 578 1209 cui,
600 1154 697 1215 quum
717 1132 776 1197 sub
797 1132 884 1197 coelo
907 1135 1084 1215 temperato
1104 1132 1213 1216 paucis
1231 1135 1360 1199 tantum

171 1240 261 1303 rebus
297 1239 337 1303 ad
366 1238 538 1303 vivendum
569 1259 649 1323 opus
684 1243 787 1315 esset,
820 1239 886 1303 vito
918 1242 986 1303 erat
1014 1238 1134 1316 facilis,
1170 1259 1229 1303 nec
1251 1241 1360 1303 tamen

170 1340 214 1411 ita
244 1348 281 1409 ut
311 1344 429 1409 inertes
461 1347 615 1429 perpetuo
646 1344 712 1409 otio
745 1344 807 1409 frui
831 1348 980 1429 possent,
1003 1345 1119 1409 laetam
1143 1365 1362 1431 quoqneeam

170 1450 268 1515 videri
299 1471 425 1515 necesse
456 1455 533 1515 erat.
570 1448 700 1517 Graecis
733 1471 808 1534 ergo
841 1472 984 1515 summus
1008 1471 1098 1515 amor
1121 1450 1205 1515 vitae
1228 1454 1261 1515 et
1282 1449 1363 1515 lucis

171 1556 397 1640 ingeniumque
431 1556 532 1621 hilare
567 1558 716 1622 innatum
751 1560 838 1635 erat,
872 1557 961 1621 cuius
999 1556 1046 1620 rei
1074 1555 1259 1621 testimonia
1287 1561 1365 1621 sunt

171 1662 351 1727 tristissima
374 1662 534 1740 conditio,
559 1686 621 1747 qua
640 1662 785 1728 homines
806 1667 1034 1747 postmortem
1054 1662 1156 1728 teneri
1175 1661 1361 1746 fingebant,

172 1768 337 1852 cultusque
371 1769 560 1852 magnificus
595 1770 746 1846 deornm,
781 1791 861 1855 quos
889 1768 978 1833 nulla
1012 1790 1047 1833 re
1079 1768 1180 1852 magis
1212 1768 1362 1833 delectari

172 1873 343 1939 credebant
376 1897 471 1959 quam
507 1875 593 1940 feriis
627 1876 773 1960 ludisque
808 1876 970 1940 communi
1000 1875 1166 1939 hominum
1202 1879 1363 1939 conventu

170 1980 251 2045 laete
271 1980 447 2047 celebratis.
473 1981 562 2047 Haec
582 1986 651 2046 erat
669 1982 768 2064 igitur
780 1982 932 2066 primarie
945 1980 1050 2065 gentis
1062 1980 1166 2045 notio:
1183 1980 1281 2044 vitam
1293 2003 1360 2046 esse

171 2087 298 2167 felicem,
325 2092 357 2152 et
385 2088 510 2153 laetam.
548 2089 667 2155 Verum
691 2090 823 2155 simulne
846 2089 961 2174 aliquis
984 2094 1096 2173 poeta,
1121 2086 1304 2153 sublimiore
1327 2093 1360 2153 et

172 2193 311 2259 acutiore
332 2195 464 2279 ingenio
487 2196 649 2280 praeditus
672 2218 768 2280 quam
792 2195 925 2280 vulgus,
946 2214 1079 2278 magnos
1100 2196 1230 2257 eventus
1249 2215 1362 2258 canere

171 2301 324 2385 suscepit,
370 2301 425 2385 qni
460 2302 543 2366 nulli
577 2303 646 2367 sine
679 2302 845 2367 laboribus
879 2301 1103 2383 doloribusque
1136 2299 1359 2377 conficiuntur,

170 2430 294 2473 necesse
317 2410 386 2472 erat
404 2411 440 2472 ut
459 2408 643 2492 diligentius
662 2409 803 2474 intuenti
822 2409 946 2474 veniret
963 2408 998 2471 in
1010 2406 1246 2492 persuasionem
1259 2406 1359 2471 vitum
1404 2459 1409 2466 .

169 2535 234 2579 non
258 2536 381 2599 semper
403 2518 470 2578 tam
490 2514 615 2580 facilem
636 2519 668 2580 et
688 2515 812 2580 felicem
832 2537 898 2580 esse
918 2537 954 2580 ac
972 2514 1070 2597 vulgo
1091 2514 1260 2577 videretur.
1273 2512 1361 2578 Haec

168 2620 268 2706 igitur
300 2621 442 2685 nascitur
473 2622 561 2686 velut
583 2622 692 2706 opinio
715 2622 917 2707 secundaria,
944 2644 1025 2707 qnae
1047 2620 1232 2704 vulgaribus
1256 2620 1364 2684 notio-

170 2728 262 2793 nibus
283 2730 516 2811 quodammodo
536 2729 684 2813 opposita
704 2730 788 2813 apud
813 2751 922 2793 omnes
945 2731 1056 2812 poetas
1079 2727 1203 2811 saepius
1222 2726 1363 2791 rariusve

169 2834 306 2919 repetita
338 2834 464 2919 legitur.
501 2833 593 2900 (leve
620 2839 728 2901 tamen
760 2834 837 2899 inde
868 2835 999 2918 colligas
1022 2837 1132 2918 poetas
1156 2832 1229 2897 illos
1253 2855 1362 2898 revera

169 2942 268 3011 vitam
301 2963 367 3007 esse
396 2963 534 3025 perosos.
571 2942 715 3006 Primum
746 2942 831 3004 enim
855 2940 942 3025 quod
965 2940 1132 3023 ingenium
1156 2944 1272 3003 natura
1295 2940 1364 3023 ipsa

170 3047 261 3131 genti
295 3046 389 3111 alicui
420 3048 469 3112 vel
500 3047 635 3131 singulis
665 3046 848 3112 hominibus
879 3045 1069 3121 instillavit,
1098 3044 1131 3108 id
1162 3066 1219 3128 per
1253 3066 1364 3109 omnes

170 3176 269 3239 paene
292 3158 426 3219 eventus
449 3156 482 3219 et
504 3176 595 3219 casus
618 3153 798 3219 conservari
822 3153 919 3231 solet;

328 3260 419 3335 >Quo
443 3261 540 3325 semel
563 3263 612 3325 est
632 3259 757 3324 imbuta
778 3281 888 3324 recens
911 3258 1052 3324 servabit
1073 3259 1202 3323 odorem

328 3364 423 3429 Testa
446 3365 533 3432 din”.

214 3471 327 3556 Neque
360 3470 409 3538 illi
441 3475 477 3536 ut
508 3471 675 3556 Euripides
710 3472 744 3535 in
777 3473 844 3536 otio
877 3471 1028 3535 vivebant
1058 3471 1133 3535 solis
1161 3470 1275 3535 studiis
1304 3493 1361 3535 va-

171 3580 279 3642 cantes
302 3580 457 3661 perpetno
481 3578 573 3642 rebus
597 3583 629 3642 et
652 3578 817 3642 doloribus
840 3577 924 3642 fictis
947 3578 1108 3661 occupati,
1132 3577 1240 3642 sedin
1260 3577 1364 3641 media

171 3680 239 3747 luce
274 3682 480 3767 omniumque
512 3683 603 3747 vitae
628 3684 774 3767 publicae
804 3683 1060 3748 vicissitudinum
1092 3683 1271 3769 participes.
1306 3682 1364 3747 In-

171 3786 362 3871 telligebant
398 3788 524 3871 quidem
559 3789 598 3854 iis
633 3790 688 3873 qui
720 3789 753 3853 in
787 3789 948 3853 aerumnis
982 3789 1093 3854 vivant
1126 3790 1225 3853 vitam
1260 3789 1363 3853 duris·

171 3893 281 3957 omem
315 3894 414 3959 videri
445 3916 555 3979 posse,
587 3895 649 3978 ipsi
679 3898 787 3959 tamen
811 3917 849 3959 ea
875 3895 966 3979 quasi
989 3917 1113 3959 summo
1137 3894 1222 3960 bono
1245 3916 1364 3980 magna

172 4020 242 4063 cum
266 4001 431 4084 voluptate
455 4000 651 4064 fruebantur.
677 4003 789 4084 Itaque
813 4001 854 4065 ab
876 4001 1032 4074 Heriem,
1054 4023 1246 4085 quamquam
1266 4002 1365 4085 probe

172 4106 332 4190 perspexit
349 4128 454 4170 rerum
470 4106 683 4171 humanarum
698 4108 856 4172 miseriam
869 4112 902 4172 et
914 4108 1104 4192 vanitatem,
1120 4111 1229 4172 tamen
1241 4129 1365 4192 semper

173 4232 256 4277 mors
275 4213 376 4277 tristis
399 4215 433 4277 et
451 4212 612 4277 horribilis
635 4213 718 4278 vitae
738 4212 802 4277 luci
822 4213 1014 4298 opponitur,
1035 4213 1081 4276 ita
1094 4216 1132 4276 ut
1142 4213 1282 4278 Achilles
1294 4234 1365 4277 om·

174 4318 261 4382 nium
280 4318 457 4383 inferorum
478 4319 612 4403 imperio
632 4318 792 4403 praeferat
813 4319 957 4383 vilissimi
977 4318 1161 4383 mercenarii
1181 4319 1290 4382 vitam.
1310 4316 1365 4383 so-

172 4423 300 4507 phocles
324 4428 482 4489 extremae
505 4426 655 4509 perniciei
679 4426 782 4509 pictor
806 4425 939 4490 eximius
962 4447 1017 4509 per
1037 4428 1138 4490 totam
1156 4426 1255 4490 vitam
1274 4427 1366 4489 tanta

172 4530 231 4593 luit
249 4531 410 4596 hilaritate
431 4535 467 4595 ut
487 4532 570 4614 apud
592 4531 737 4613 aequales
760 4531 794 4595 in
815 4531 1017 4615 proverbium
1032 4530 1154 4597 abierit.
1179 4530 1254 4595 Non
1267 4528 1360 4595 facile
