3250 5217
839 386 862 450 4

253 567 287 632 in
319 568 501 634 universum
519 572 590 633 tuto
622 568 720 633 statui
743 570 850 653 potest
873 569 1047 633 sententias
1071 568 1195 652 saepius
1219 569 1389 652 repetitas,
1413 571 1446 633 et

252 673 538 739 demonstrationes
561 674 711 739 derebus
730 674 771 738 ab
791 676 981 757 argumento
999 674 1122 752 alienis,
1136 674 1273 739 actionis
1285 674 1335 739 vel
1348 674 1445 739 orati-

253 779 324 843 onis
344 782 487 845 tenorem
504 780 722 865 impedientes,
749 780 826 845 satis
851 783 937 845 certo
962 780 1061 864 ipsius
1086 780 1200 865 tragici
1224 783 1364 845 mentem
1389 784 1444 845 de-

252 884 382 950 clarere.

297 991 379 1057 Tum
403 990 610 1077 Euripideum
635 1014 716 1077 opus
739 992 816 1078 quia
839 1013 904 1056 non
928 996 1079 1057 constans
1102 994 1204 1057 estet
1228 1016 1346 1071 unum,
1360 993 1449 1058 velut

251 1096 462 1183 Aeschyleum
493 1100 526 1164 et
556 1098 786 1184 Sophocleum,
819 1120 930 1163 rerum
960 1103 1066 1183 partes
1098 1120 1191 1183 saepe
1223 1099 1447 1183 discrepante

252 1206 338 1288 toto,
363 1206 440 1289 quid
463 1205 665 1291 potissimum
688 1206 884 1289 sequendum
907 1205 950 1269 sit
969 1207 1109 1269 incertus
1133 1205 1243 1270 crebro
1265 1204 1404 1269 haereas.

297 1310 459 1376 Plurimae
480 1312 617 1398 denique
640 1312 768 1377 fabulae
791 1333 855 1398 quo
879 1333 966 1376 anno
989 1312 1185 1395 compositae
1206 1312 1256 1377 rel
1279 1314 1368 1376 actae
1380 1312 1448 1375 sint

251 1416 348 1495 latet,
372 1418 457 1502 quod
481 1420 508 1483 si
532 1422 646 1484 notum
665 1422 748 1484 esset
769 1439 933 1503 possemus
956 1440 1014 1503 per
1032 1423 1212 1503 temporum
1232 1440 1357 1483 cursum
1370 1418 1446 1501 quid

252 1525 347 1607 poeta
380 1524 515 1588 sentiret
548 1528 635 1589 certa
668 1525 721 1588 via
754 1524 918 1608 persequi;
952 1545 1039 1588 nunc
1071 1545 1144 1588 vero
1176 1525 1216 1589 ad
1248 1524 1446 1608 conjecturas

251 1630 504 1694 descendendum
528 1632 586 1695 est.

296 1734 443 1819 Apparet
461 1735 731 1820 igiturexiguam
756 1757 845 1819 spem
869 1756 935 1801 csse
958 1738 995 1799 ut
1014 1758 1051 1800 ex
1071 1737 1209 1821 singulis
1227 1737 1356 1801 indiciis
1368 1736 1444 1801 cert'

253 1841 374 1924 aliquid
403 1842 505 1924 possit
535 1840 632 1919 effici,
658 1842 711 1905 sed
735 1842 859 1905 cunctis
882 1842 989 1925 potius
1014 1843 1049 1906 in
1073 1865 1174 1906 unum
1198 1864 1293 1927 quam
1316 1864 1446 1908 accura-

251 1946 373 2010 tissime
396 1946 538 2011 collectis
561 1967 641 2031 opus
665 1946 731 2011 fore
757 1951 793 2011 ut
817 1948 941 2031 aliquid
964 1969 1205 2032 consequamur.

298 2051 449 2116 Materies
473 2053 636 2137 aptissime
658 2053 846 2136 disponetur
869 2054 905 2117 in
924 2055 1028 2119 varias
1051 2057 1158 2138 partes
1177 2055 1293 2138 quibus
1304 2077 1444 2119 seorsum

251 2158 383 2223 eiusde
413 2181 518 2223 rerum
551 2162 683 2235 natura,
714 2160 755 2221 de
785 2157 920 2241 imperio
950 2159 1077 2237 divino,
1110 2161 1149 2225 de
1172 2160 1266 2225 rebus
1285 2161 1445 2238 humanis,

252 2266 291 2329 dc
321 2269 424 2329 morte
454 2264 632 2329 sententiae
662 2263 847 2326 tractandae
877 2265 981 2327 erunt.
1014 2258 1096 2339 Quia
1123 2267 1208 2329 enim
1233 2265 1403 2349 Euripides
1427 2287 1447 2327 a

252 2372 415 2434 constanti
439 2374 564 2436 ratione
580 2372 613 2434 et
631 2369 801 2454 disciplina
820 2366 994 2453 plurimum
1014 2370 1139 2446 aberat,
1161 2371 1201 2434 ad
1221 2375 1341 2436 rectum
1358 2372 1445 2456 judi·

253 2476 336 2541 cium
359 2475 562 2541 formandum
581 2476 784 2559 potissimum
804 2474 903 2538 habui
925 2496 990 2538 non
1010 2497 1079 2539 eam
1101 2476 1180 2539 mihi
1200 2499 1323 2541 sumere
1335 2477 1445 2541 distri-

253 2582 418 2647 butionem
450 2604 546 2668 quam
575 2580 796 2665 philosophiae
827 2577 972 2663 posceret
1002 2603 1111 2645 severa
1141 2583 1242 2665 ratio,
1279 2584 1332 2648 sed
1365 2604 1446 2667 quae

252 2688 399 2752 materies
417 2688 538 2772 legenti
557 2686 636 2751 mihi
657 2687 740 2751 ultro
760 2686 898 2751 offerret.
921 2686 1160 2751 Praemittenda
1174 2691 1281 2753 eutem
1295 2690 1446 2753 videntur

193 2862 196 2869 ,
252 2794 480 2880 prolegomena
498 2794 718 2860 brevissimum
738 2794 824 2857 vitae
835 2793 1043 2858 summarium
1055 2798 1087 2859 et
1098 2796 1331 2879 expositionem
1343 2818 1442 2880 quum

253 2901 479 2986 chronologiae
502 2902 680 2965 dramatum
704 2903 773 2964 tum
794 2900 918 2984 ingenii
938 2905 1051 2986 poetae
1074 2902 1283 2967 continentia.
