3250 5217
224 615 431 698 plurimorum
462 620 678 694 mortuorum,
706 636 785 699 quos
808 636 865 678 sua
888 635 983 679 causa
1005 612 1163 697 acceperit
1188 610 1274 697 (Hel.
1300 610 1410 676 961-

225 722 315 807 974).
339 721 464 788 Ρ111111
487 722 613 788 Orestes
636 725 668 787 et
690 720 819 786 Electra
842 724 966 805 patrem
989 723 1150 784 mortuum
1175 718 1328 783 invocant
1348 717 1412 803 (ΕΙ.

226 828 434 914 677-684),
455 828 652 915 Eurystheus
676 827 818 912 sepultus
837 826 1088 892 Atheniensibus
1107 825 1230 890 favebit
1241 824 1414 910 (Heraclid.

228 935 482 1021 1026-1037);
513 936 665 1001 Hercules
688 958 707 999 a
730 935 788 999 diis
821 933 957 1018 Olympo
990 934 1133 1017 receptus
1167 934 1217 996 est
1240 930 1416 1017 (Heraclid.

226 1040 291 1103 910
323 1042 400 1126 sq),
416 1122 419 1125 ι
438 1041 557 1127 Apollo
588 1041 744 1107 Helenam
781 1041 852 1105 neci
882 1043 1025 1124 ereptam
1052 1039 1087 1103 in
1110 1039 1240 1104 deorum
1264 1038 1414 1103 societate

225 1146 377 1224 collocat,
403 1169 468 1211 non
493 1148 639 1213 videlicet
662 1152 699 1213 ut
722 1135 852 1212 virtutis
876 1147 1050 1232 praemium
1070 1146 1098 1211 ei
1119 1149 1233 1228 donet,
1254 1145 1309 1210 sed
1328 1145 1415 1229 quod

224 1251 314 1317 Joris
345 1254 387 1317 sit
416 1254 482 1318 filia
514 1253 581 1338 (Or.
613 1251 899 1338 1629-1637)1).
935 1251 1077 1317 Achilles
1108 1256 1181 1337 post
1212 1253 1347 1315 mortem
1380 1250 1416 1315 in

223 1359 331 1423 insula
361 1359 463 1424 Leuce
493 1360 618 1424 habitat
645 1358 874 1439 (Andromach.
901 1360 987 1423 1260
1011 1360 1105 1445 sqq).
1131 1357 1237 1423 Variis
1260 1357 1338 1422 locis
1360 1356 1416 1421 ob·

220 1466 419 1533 ,servavimus
443 1488 514 1530 eum
538 1488 631 1551 saepe
655 1465 805 1550 mysteria
828 1465 998 1550 respicere;
1024 1465 1069 1529 sio
1090 1463 1242 1529 Hercules
1255 1462 1416 1527 exinferis

224 1592 369 1636 reversus
401 1573 509 1637 statim
542 1575 654 1640 narrat
684 1572 745 1637 sibi
775 1572 946 1656 contigisse
977 1574 1014 1635 ut
1035 1572 1080 1635 ibi
1103 1571 1304 1635 initiatorum
1327 1570 1418 1654 orgia

225 1676 494 1762 contemplaretur
517 1677 625 1763 (Herc.
649 1679 710 1743 fur.
736 1680 826 1763 613).

269 1783 291 1849 J
294 1784 431 1849 udioium
455 1786 674 1851 universorum
699 1789 899 1850 mortu'orum
923 1785 1009 1862 fieri,
1028 1806 1091 1869 quo
1112 1785 1188 1849 mali
1200 1784 1336 1850 aeternis
1350 1782 1416 1846 affi-

224 1890 351 1955 ciantur
372 1892 552 1976 suppliciis,
565 1893 642 1957 boni
654 1914 727 1958 vero
741 1896 894 1977 perpetua
906 1892 1056 1957 felicitate
1069 1893 1246 1972 donentur,
1258 1912 1416 1974 nusquam

225 1996 342 2063 docuit.
376 1998 560 2083 Aliquando
592 2002 701 2064 tamen
723 1999 757 2063 in
778 2002 881 2064 morte
901 2021 1027 2081 eorum,
1048 1999 1104 2083 qui
1121 1998 1239 2062 virtute
1260 1996 1414 2062 excellue-

192 2180 194 2182 .
225 2107 315 2179 runt,
348 2105 473 2169 credere
504 2110 628 2170 recusat
658 2127 711 2171 eos
743 2095 897 2170 acetaria
918 2105 1008 2170 nulla
1027 2128 1060 2169 re
1081 2106 1266 2170 distinctum
1286 2104 1336 2167 iri.
1361 2102 1413 2168 Sic

224 2208 259 2271 in
290 2207 451 2275 Alcestide
482 2210 595 2277 chorus
626 2212 764 2298 primum
789 2212 974 2277 dubitanter
996 2216 1090 2297 optat
1111 2216 1148 2276 ut
1171 2233 1251 2276 uxor
1274 2212 1414 2295 optima,

225 2318 250 2379 εἱ
275 2314 306 2379 δέ
331 2339 360 2379 τι
385 2319 477 2381 udae?
498 2317 591 2383 πλέον
615 2316 680 2382 ἔστ’
705 2320 852 2396 arctois,
877 2319 991 2382 harum
1015 2340 1120 2383 rerum
1142 2318 1301 2403 particeps
1322 2318 1417 2402 juxta

225 2421 374 2486 Plutonis
404 2445 534 2489 uxorem
562 2427 670 2489 sedeat
693 2426 770 2503 (744
795 2428 1092 2511 sqq.);1p0stquam
1116 2427 1164 2488 est
1188 2426 1313 2488 mortua
1336 2421 1415 2507 (995

225 2529 309 2613 sqq.)
329 2532 417 2592 vetat
434 2552 503 2595 eam
523 2532 558 2594 in
579 2552 746 2615 corporum
767 2552 900 2595 nurnero
915 2531 1043 2615 haberi3
1057 2531 1239 2614 sepulcrum·
1250 2530 1315 2593 eius
1328 2528 1416 2593 velut

225 2633 299 2697 deos
322 2636 383 2700 coli
403 2635 511 2721 jubet,
538 2640 776 2721 praetereuntes
799 2638 938 2702 viatores
961 2637 1101 2701 dicturos
1125 2658 1191 2701 esse
1215 2637 1277 2701 ait:

555 2755 638 2823 adra
662 2760 737 2823 ποτὲ
761 2759 904 2837 προύθαν’
930 2759 1052 2838 ἀνδρὸς,

548 2870 599 2929 νῦν
624 2865 649 2929 δ’
673 2866 737 2931 ἐστὶ
763 2867 904 2944 μάκαιραι
928 2866 1055 2941 δαίμων.

271 2984 393 3050 Pariter
424 2986 537 3052 chorus
560 2989 595 3051 in
617 2987 794 3053 Heraclidis
818 2989 895 3067 (919
919 2990 1003 3074 sqq.)
1027 2990 1126 3072 negat
1148 2987 1319 3052 Herculem
1341 2988 1418 3072 igne

225 3097 399 3157 crematum
423 3096 464 3157 ad
486 3094 605 3160 inferos
629 3095 760 3172 abiisse,
785 3096 898 3159 sedin
922 3095 1008 3159 coelo
1032 3117 1103 3158 eum
1128 3095 1245 3159 morari
1267 3094 1413 3158 affirmat.

225 3197 313 3263 Alibi
337 3203 450 3263 contra
473 3200 600 3264 dubitat
619 3223 697 3264 num
709 3202 841 3266 omnino
855 3201 1028 3285 quidquam
1040 3201 1080 3263 ad
1093 3204 1234 3265 mortuos
1245 3201 1413 3284 pertineat

225 3306 264 3369 In
291 3308 399 3369 eodem
423 3304 666 3370 Heraclidarum
691 3307 835 3371 dramate
859 3306 1072 3371 memorabilis
1096 3307 1134 3369 de
1158 3306 1275 3370 haere
1299 3306 1416 3390 legitur

225 3410 384 3475 sententia
406 3433 625 3497 summamque
647 3434 723 3497 prae
743 3434 776 3477 se
795 3413 899 3477 ferens
918 3412 1084 3476 tristitiam
1104 3412 1254 3476 11111111
1275 3412 1416 3496 aegritu·

226 3517 342 3581 dinem.
372 3516 511 3582 Macaria
536 3518 621 3583 enim
645 3541 702 3604 pro
726 3519 831 3603 patria
854 3523 887 3583 et
910 3518 1019 3582 amicis
1041 3518 1196 3583 moritura
1218 3522 1311 3602 optat
1335 3517 1412 3604 (591

225 3624 309 3707 sqq.)
346 3625 382 3685 ut
418 3622 522 3687 »nihil
553 3624 611 3688 sub
642 3628 727 3688 terra
757 3625 839 3709 sit”;
870 3646 945 3688 nam
977 3625 1168 3688 simortuos
1192 3645 1317 3709 quoque
1340 3645 1417 3689 cura

225 3729 352 3792 aditura
382 3729 441 3806 sit,
472 3730 632 3794 neminem
663 3730 780 3795 habere
802 3753 865 3815 quo
890 3753 922 3794 se
945 3734 1067 3814 vertat;
1091 3735 1225 3795 mortem
1249 3730 1334 3795 enim
1357 3752 1415 3814 op·

225 3834 336 3898 timam
357 3834 456 3899 videri
476 3836 666 3900 medicinam
687 3837 854 3901 malorum.
880 3836 963 3913 Quin
984 3836 1080 3901 etiam
1100 3838 1226 3901 disertis
1238 3838 1343 3902 verbis
1356 3837 1415 3901 ali·

226 3939 352 4025 quando
373 3942 522 4005 enuntiat
534 3948 667 4008 mortem
679 3943 827 4007 ultimam
839 3943 956 4007 lineam
969 3965 1074 4007 rerum
1087 3964 1162 4008 esse.
1176 3943 1260 4008 Nam
1274 3944 1418 4028 quamvis

225 4046 379 4112 eiusmodi
406 4048 597 4133 sententiae,
623 4049 749 4133 qualem
774 4049 858 4134 apud
880 4049 966 4115 Plut.
991 4048 1072 4116 Mor.
1097 4072 1128 4133 p.
1157 4049 1261 4114 110ss
1285 4047 1417 4116 10111-

224 4152 345 4237 phonte
379 4156 559 4239 excerptam
596 4155 732 4240 legimus
768 4156 821 4239 (fr.
860 4156 938 4241 454)
969 4160 1134 4221 »mortuos
1165 4155 1247 4219 nihil
1279 4156 1417 4233 valere''‚

263 4516 287 4576 1)
304 4482 357 4564 llid.
374 4515 492 4565 insulsum
511 4514 638 4564 verborum
658 4514 738 4564 lusum
756 4514 855 4579 (lethu

528 4597 601 4654 Ζηνὸς
617 4597 667 4659 γὰρ
686 4590 762 4645 οὖσαν
779 4595 826 4661 ζῆν
843 4612 876 4643 νιν
894 4593 997 4658 ἄφθιτον
1007 4594 1105 4663 {xpina
