3250 5217
754 412 818 475 149

194 594 357 660 doetrinae
389 595 480 659 nullo
516 594 660 661 adhibito
695 596 877 661 discrimine
909 598 1056 662 omnibus
1085 596 1236 682 sophistis
1267 598 1382 663 ascribi
1410 578 1414 585 ¹

190 703 309 767 solent!
323 700 351 788 ¹)

234 806 379 874 Callicles
410 812 517 874 autem
547 830 614 873 non
646 810 740 875 modo
764 831 831 874 non
853 811 998 894 sophista
1021 815 1089 876 erat
1112 811 1167 875 sed
1189 812 1228 876 iis
1252 831 1382 895 prorsus

190 914 350 980 dissimilis
372 915 421 980 vir
444 915 592 999 politicus
615 920 717 980 totam
741 937 850 980 eorum
871 919 972 981 artem
993 917 1185 1002 despiciebat
1195 915 1231 1003 ⁹).
1257 916 1382 1001 Injuria

188 1043 259 1086 eum
278 1020 380 1086 Zeller
398 1022 434 1085 in
453 1043 585 1086 numero
607 1022 822 1107 sophistarum
842 1022 964 1088 habuit.
983 1022 1150 1107 Sophistae
1170 1024 1253 1087 enim
1274 1022 1380 1098 fuere,

187 1132 224 1192 ut
246 1127 330 1212 dixi,
347 1128 528 1213 juventutis
551 1132 771 1213 praeceptores
795 1150 930 1213 quorum
954 1128 1137 1214 paucissimi
1161 1127 1381 1215 philosophiae

187 1255 315 1319 operam
350 1233 489 1309 dabant,
523 1230 670 1300 Callicles
705 1238 811 1300 auten
845 1257 946 1319 neque
975 1234 1038 1299 fuit
1068 1239 1256 1320 praeceptor
1278 1256 1381 1318 neque

185 1339 404 1425 philosophiae
433 1360 563 1424 operam
586 1340 683 1405 dabat
704 1341 926 1426 sophistasque
949 1364 1060 1407 omnes
1084 1343 1256 1407 deridebat.
1289 1341 1381 1407 Nihil

187 1448 216 1512 ei
246 1446 309 1512 fuit
337 1468 409 1510 cnm
447 1446 510 1510 illis
542 1446 604 1510 nisi
638 1447 723 1530 quod
756 1447 928 1531 aliquando
959 1470 1012 1512 eos
1030 1448 1170 1524 audivit,
1191 1448 1323 1512 fortasse
1344 1451 1383 1512 ut

188 1553 313 1626 dicendi
339 1551 430 1616 ficret
457 1552 587 1637 peritus.
620 1550 779 1617 Videntur
809 1553 888 1617 mihi
920 1554 975 1638 qui
1006 1554 1101 1618 huius
1131 1554 1306 1618 sententias
1329 1574 1381 1618 so-

189 1659 302 1743 phistis
333 1658 498 1723 ascribunt
529 1658 682 1722 simillimi
712 1680 778 1723 esse
802 1659 831 1723 ei
855 1660 909 1742 qui
927 1657 1176 1743 Cyrenaicorum
1196 1659 1380 1735 mollitiem,

188 1766 422 1850 Megaricorum
467 1784 586 1849 nugas,
618 1761 811 1847 Cynicorum
847 1765 1079 1849 impudentiam
1116 1763 1240 1830 Socrati
1265 1785 1381 1849 expro-

188 1870 303 1936 braret.

115 2054 118 2061 .
233 1977 301 2042 »At
331 1977 428 2042 Polus
455 1978 622 2041 tamenin
655 1976 868 2060 sophistarum
901 1999 1035 2041 numero
1066 1978 1233 2041 habendus
1257 1981 1315 2041 est.
1349 1976 1382 2042 Is

189 2087 295 2148 autem
318 2083 463 2147 defendit
485 2078 592 2168 regem
613 2083 800 2167 Persarum,
814 2084 933 2168 quippe
944 2084 1088 2147 omnium
1101 2083 1379 2167 potentissimum,

143 2265 147 2270 ,
188 2188 462 2273 Archelaumqne,
495 2190 551 2274 qui
582 2212 639 2275 per
670 2188 845 2253 multifaria
877 2189 993 2254 scelera
1020 2190 1153 2275 imperio
1177 2188 1381 2255 Macedoniae

187 2296 307 2379 potitus
339 2296 398 2380 sit,
426 2297 570 2360 omnium
602 2294 769 2359 hominum
801 2294 999 2359 felicissimos
1032 2317 1098 2360 esse
1128 2295 1380 2381 praedicand0s”

189 2399 294 2485 (Plato
325 2399 424 2486 Gorg.
456 2421 510 2485 pg.
543 2401 609 2465 470
622 2400 763 2466 A-471
778 2399 832 2487 D).
869 2402 1012 2465 Primum
1042 2401 1174 2466 observa
1205 2401 1318 2465 Polum
1341 2401 1381 2466 iis

190 2530 269 2595 non,
293 2510 330 2572 ut
347 2506 424 2572 fecit
437 2506 600 2593 Callicles,
615 2529 770 2572 summam
784 2508 936 2573 virtutem
947 2509 1087 2573 tribuere
1100 2530 1207 2572 verum
1221 2530 1379 2573 summam

165 2612 169 2619 ’
188 2612 391 2692 felicitatem,
414 2636 537 2678 summa
562 2614 719 2699 injustitia
741 2614 915 2698 quaesitam
937 2616 1005 2699 (pg.
1031 2614 1095 2680 471
1109 2613 1164 2700 A).
1189 2614 1271 2679 Tum
1290 2614 1380 2692 vide,

188 2740 320 2803 quaeso,
339 2719 418 2804 quid
436 2723 626 2804 respondeat
645 2718 791 2785 Socrates
810 2721 878 2805 (pg.
892 2719 958 2785 472
971 2720 1015 2805 A)
1040 2720 1197 2804 »Prope
1221 2740 1378 2801 omnes,

186 2825 311 2909 inquit,
344 2824 670 2890 Athenienses
701 2826 1018 2910 etperegrini
1042 2825 1136 2890 tibi
1159 2825 1242 2890 hac
1265 2826 1311 2889 in
1334 2847 1380 2889 re

187 2930 521 3016 consentient;
554 2932 580 2997 si
608 2932 654 2996 vis
683 2954 733 2997 me
764 2931 916 2996 adhibitis
945 2931 1080 2997 testibus
1109 2932 1224 2995 erroris
1246 2931 1379 2996 convin-

188 3058 274 3116 cere,
299 3038 359 3101 tibi
381 3041 478 3102 testes
501 3039 637 3102 aderunt
660 3036 769 3102 Nicias
792 3036 937 3102 Nicerati
960 3038 983 3102 f.
1006 3041 1039 3101 et
1062 3036 1178 3101 fratres
1192 3084 1199 3102 .
1212 3088 1219 3104 .
1234 3085 1265 3115 .‚
1288 3036 1379 3101 Aris-

187 3146 323 3208 tocrates
346 3142 453 3209 Scellii
473 3144 525 3229 f.³)
539 3194 547 3212 .
561 3194 568 3210 .
584 3192 613 3228 .,
640 3146 709 3208 teta
732 3142 862 3207 Periclis
886 3145 999 3207 domus
1012 3190 1020 3206 .
1035 3192 1042 3206 .
1058 3190 1089 3208 ..
1109 3142 1159 3207 vel
1177 3143 1240 3207 alia
1258 3142 1380 3207 familia

187 3271 419 3334 quamcumque
450 3271 467 3313 e
498 3250 620 3315 civibus
650 3249 767 3333 eligere
799 3248 969 3315 volueris”.
997 3248 1070 3315 Jam
1091 3270 1208 3333 quaero
1228 3269 1291 3334 quo
1308 3250 1380 3333 jure

188 3376 311 3419 morum
335 3356 501 3439 corruptor
523 3355 680 3421 habeatnr
704 3353 866 3439 sophista,
890 3355 946 3439 qui
971 3354 1051 3419 nihil
1075 3354 1187 3418 doceat
1208 3354 1271 3419 nisi
1293 3355 1379 3439 quod

187 3460 344 3544 placuerit
363 3460 547 3544 justissimis
560 3460 754 3525 Graecorum
768 3460 831 3525 hnc
843 3482 943 3544 usque
953 3482 1076 3543 semper
1087 3460 1240 3525 laudatis!
1256 3459 1379 3536 Quaero

188 3566 304 3630 deinde
327 3587 437 3630 annon
461 3567 594 3631 candem
620 3567 661 3631 ob
681 3588 807 3631 causam
832 3571 1081 3631 consentaneum
1104 3566 1379 3651 sitProlagoram

188 3675 220 3736 et
243 3671 414 3735 Prodicum
434 3672 572 3757 optimos
594 3694 718 3737 morum
743 3676 1074 3737 emendatores
1094 3671 1223 3750 haberi,
1243 3694 1379 3758 quorum
1442 3704 1448 3713 ·

188 3767 308 3841 scilicet
331 3777 514 3853 noverimus
539 3770 708 3863 praecepte
729 3778 831 3842 multo
851 3779 980 3864 puriore
999 3799 1095 3861 quam
1114 3777 1171 3841 illa
1186 3778 1380 3863 justissimo·
1512 3847 1514 3850 ,

187 3904 257 3948 rum
279 3882 525 3950 Atheniensium
552 3886 721 3969 dogmata!

232 3986 301 4052 »At
330 4010 388 4073 per
410 3988 569 4055 rhetorica
595 3988 731 4054 artificia
755 3989 864 4055 omnia
886 3988 1072 4074 perturbare
1094 3992 1127 4053 et
1150 3993 1289 4054 evertere
1312 3992 1380 4055 stu·

193 4137 387 4150 ...ι-υ*-

221 4208 248 4274 l)
266 4210 372 4259 Omnino
388 4210 419 4260 ct.
438 4202 512 4260 (trote
532 4211 598 4261 Hist.
617 4211 644 4259 ol
660 4212 762 4271 Greece,
782 4211 919 4261 Now-York
936 4212 1001 4261 1888
1014 4214 1073 4262 tom.
1088 4211 1129 4261 Ill
1144 4228 1183 4277 pg.
1198 4211 1248 4262 488
1262 4227 1328 4276 sqq.,
1342 4211 1383 4261 nbi

187 4291 254 4340 docte
278 4306 371 4355 qnoque
393 4292 491 4357 exponit
507 4308 555 4342 nen
573 4296 624 4342 tam
643 4293 716 4342 vilem
734 4309 783 4342 esse
801 4293 972 4357 Thmymachi
989 4293 1124 4343 deducam
1140 4309 1167 4342 ae
1183 4291 1303 4358 plerisque
1318 4292 1383 4341 vide-

187 4374 253 4432 atur;
272 4372 321 4422 vid.
339 4374 402 4438 apud
420 4389 459 4424 me
476 4374 540 4424 inira
557 4391 597 4441 pg.
617 4376 672 4425 151.

221 4455 250 4521 8)
267 4454 342 4519 Gorg.
360 4471 398 4521 pp.
417 4457 468 4505 484
484 4472 536 4522 sqq.

223 4540 249 4599 8)
267 4536 312 4585 Vir
329 4536 487 4598 fortissimus,
506 4540 547 4603 qni
564 4540 590 4588 in
609 4538 672 4588 hello
692 4539 891 4605 P'doponuesiaco
908 4538 986 4589 multe
999 4540 1122 4605 'praeclara
1138 4538 1218 4602 gessit.
