3250 5217
626 1462 822 1573 PARS
854 1463 895 1571 l.

509 1715 1009 1791 PROLEGOMENA.

663 2026 843 2037 ..—

639 2244 827 2331 OAPU'P
854 2248 888 2330 Ι.

579 2478 624 2528 DII
649 2479 829 2527 EURIPIDIS
854 2478 947 2528 VITA.

211 2644 243 2709 A
266 2644 413 2729 plurimis
426 2646 609 2711 auctoribus
622 2646 790 2731 Euripides
803 2641 867 2731 duo
880 2645 931 2709 die
944 2642 1056 2710 Graeci
1069 2645 1154 2726 apud
1166 2639 1359 2706 Salaminem

167 2749 279 2814 Persas
309 2750 456 2815 vicerunt
485 2752 520 2816 in
543 2752 612 2836 ipsa
634 2752 692 2816 illa
716 2751 822 2816 insula
845 2754 941 2815 natus
963 2771 1030 2814 esse
1052 2747 1255 2833 perhibetur;
1279 2767 1361 2830 quae

166 2857 353 2920 testimonia
384 2859 492 2922 tamen
515 2859 622 2942 potius
645 2859 816 2923 memoriae
839 2856 1038 2941 adjuvandae
1062 2875 1156 2919 causa
1178 2854 1362 2935 comparata

168 2984 265 3048 quam
289 2964 329 3026 ad
352 2963 516 3028 scientiam
541 2968 722 3029 accuratam
746 2962 1107 3029 exactaesseridentur.
1132 2958 1361 3042 Deparentum

168 3069 235 3133 eius
254 3069 435 3135 Mnesarchi
458 3070 524 3135 sire
548 3070 778 3136 Mnesarchidis
800 3076 833 3135 et
856 3069 959 3135 Clitus
982 3088 1098 3152 genere
1121 3068 1155 3131 et
1177 3065 1362 3130 conditione

167 3173 204 3237 in
236 3174 376 3239 diversas
406 3176 472 3239 itur
502 3178 700 3241 sententias·
714 3176 948 3261 Aristophanes
971 3174 1130 3259 ceterique
1153 3172 1265 3237 comici
1287 3191 1360 3254 per-

167 3284 264 3365 petuo
295 3282 435 3346 riserunt
466 3287 600 3349 matrem
633 3284 719 3348 olera
751 3283 981 3347 venditantcm.
1007 3280 1067 3357 Qui
1088 3278 1153 3364 joci
1168 3276 1193 3363 ¹)
1216 3274 1362 3361 quamvis

167 3387 355 3473 plerumque
391 3390 458 3453 sint
488 3390 688 3474 frigidissimi
711 3392 744 3454 et
770 3390 963 3454 democratia
986 3391 1070 3453 certe
1092 3384 1229 3469 indigni,
1253 3385 1361 3446 tamen

168 3494 221 3559 rix
252 3496 473 3579 prudentiores
504 3495 592 3560 fuere
624 3496 678 3581 qui
710 3518 781 3560 eum
810 3495 852 3560 ab
875 3494 936 3559 hoc
954 3497 1028 3558 ortu
1052 3491 1143 3578 qnasi
1165 3489 1282 3575 probro
1303 3490 1362 3552 de·

168 3588 355 3675 feudarent‚'
378 3600 641 3686 nobilitatemque
665 3602 694 3666 ei
718 3600 927 3666 vindicarent.

215 3706 330 3771 Victus
353 3708 440 3771 enim
463 3707 524 3772 iste
548 3708 659 3772 matris
683 3730 749 3772 non
773 3708 899 3773 ridetur
923 3705 1034 3790 negari
1053 3726 1155 3789 posse,
1179 3703 1256 3787 quia
1279 3700 1362 3766 Aris·

168 3812 343 3896 tophanem
378 3812 438 3877 hac
473 3814 511 3878 de
546 3836 579 3879 re
614 3834 749 3899 errasse,
787 3816 844 3878 aut
867 3812 1039 3877 mendaciis
1062 3809 1239 3874 manifestis
1263 3808 1361 3872 risum

168 3918 357 4001 quaesivisse
381 3941 448 3983 non
472 3920 642 3985 verisimile
667 3923 726 3985 est.

218 4024 373 4089 Monente
403 4025 530 4091 oraculo
561 4026 596 4090 in
628 4027 827 4111 gymnastico
849 4026 954 4109 primo
978 4046 1012 4089 se
1033 4023 1208 4089 exercuisse
1230 4023 1263 4085 et
1285 4042 1362 4105 pan·

174 4130 265 4194 cratii
289 4130 454 4195 victoriam
478 4136 653 4216 reportasse
676 4132 802 4197 dicitur.

219 4236 265 4300 At
299 4235 374 4300 mor
405 4237 446 4301 ab
477 4238 538 4302 hac
573 4261 700 4304 aversus
732 4239 841 4303 audire
872 4238 978 4323 coepit
1006 4259 1060 4303 eos
1089 4237 1184 4315 viros,
1207 4235 1263 4322 qui
1285 4236 1364 4298 tunc

174 4342 325 4426 temporis
352 4343 539 4408 eruditionis
562 4344 654 4429 copia
676 4344 843 4409 florebant.
867 4343 1081 4429 Anaxagorae
1103 4342 1139 4406 in
1161 4340 1270 4408 schola
1292 4361 1362 4403 eum

207 4584 235 4648 1)
253 4585 319 4649 Quos
336 4584 389 4632 vide
406 4600 443 4649 ap.
459 4584 557 4636 Nauck:
573 4583 601 4631 de
616 4582 672 4631 Eur.
687 4581 737 4631 vita
751 4579 817 4646 poesi
831 4580 927 4645 ingenio
941 4580 967 4629 in
977 4577 1088 4629 editionis
1095 4577 1146 4626 eiua
1154 4580 1212 4626 tom.
1224 4578 1244 4625 1.
1254 4592 1292 4641 pg.
1303 4576 1360 4624 x11.
