3250 5217
820 457 884 521 158

251 662 293 704 ne
316 640 450 704 erinium
475 639 617 703 decorem
643 640 799 705 deformet
814 639 853 726 ¹),
878 645 987 703 tamen
1010 639 1089 705 haec
1112 640 1209 704 verba
1233 637 1446 704 observationi

252 768 327 811 snae
351 746 572 829 praemiserat:
631 820 638 825 ,

457 847 477 913 ὦ
501 851 612 931 φύσιν,
638 854 668 915 ἐν
691 852 884 931 ἀνθρώποισιν
910 854 947 923 ὥς
973 852 1050 929 μέγ’
1075 848 1105 917 εἶ
1125 850 1236 936 ccxlv,

458 958 599 1037 σωτήριόν
624 982 659 1022 τε
684 968 745 1028 τοῖς
772 967 874 1030 καλῶς
901 959 1108 1035 κεκτημένοις.

252 1066 291 1129 Iu
324 1063 457 1149 Bacchis
488 1061 623 1127 Tiresias
654 1064 716 1127 ait:
751 1087 817 1129 non
847 1063 1008 1149 Dionysus
1036 1066 1164 1149 quidem
1192 1066 1339 1130 mulieres
1362 1064 1448 1148 cogit

253 1170 475 1235 castimoniam
499 1190 641 1245 servare3
666 1173 737 1234 sed:

392 1276 421 1338 ἒν
446 1285 483 1356 τῇ
508 1273 601 1353 Φύσει
627 1275 660 1339 τὸ
685 1284 847 1354 σωφρονεῖν
872 1276 985 1340 ἔνεστιν
1010 1278 1039 1349 ἐς
1063 1279 1105 1341 τὰ
1126 1278 1221 1343 πάντ’
1242 1279 1302 1342 ἀεί.

300 1382 477 1446 Plurimum
511 1381 611 1465 igitur
646 1382 785 1465 tragicus
817 1386 925 1446 noster
956 1389 988 1446 et
1018 1384 1053 1447 in
1068 1384 1193 1449 'bonam
1218 1384 1307 1447 etin
1332 1382 1449 1446 malam

255 1492 378 1573 partem
420 1488 551 1571 ingenio
583 1487 750 1551 hominum
784 1486 907 1552 tribuit.
952 1471 1064 1573 Itaque
1099 1513 1198 1574 quum
1234 1488 1450 1572 voluptatibus

255 1595 397 1679 oppressi
420 1593 487 1657 eius
510 1594 575 1657 vim
600 1595 811 1677 praetendant
833 1594 899 1658 suis
919 1594 1022 1672 vitiis,
1044 1596 1125 1658 nihil
1144 1596 1268 1659 faciunt
1285 1595 1346 1659 nisi
1366 1594 1451 1679 quod

257 1724 295 1766 ex
325 1702 394 1784 ipsa
426 1701 559 1763 materia
590 1700 749 1783 sequitur,
786 1722 888 1784 neque
919 1701 980 1765 hoc
1011 1702 1141 1766 nomine
1163 1706 1258 1786 poeta
1282 1699 1452 1785 reprehen-

257 1807 380 1871 dendus
403 1810 459 1871 est.

304 1912 384 1976 Mire
418 1932 544 1996 quoque
576 1912 710 1976 ostendit
741 1914 915 1977 nonnullos
946 1912 1090 1978 Eteocles
1114 1914 1150 1977 in
1174 1914 1375 1990 Phoenissis,
1400 1912 1455 1997 qui

258 2019 363 2103 palam
387 2018 573 2101 profitetur,
598 2040 630 2082 se
654 2018 735 2082 nihil
759 2019 861 2103 magis
882 2041 988 2083 amare
1008 2041 1103 2103 quam
1116 2020 1338 2103 tyrannidem,
1353 2040 1455 2103 neque

258 2125 431 2210 quidquam
445 2126 751 2208 ¹praetermissurum
775 2146 906 2189 essene
930 2148 999 2189 earn
1023 2126 1137 2209 perdat
1160 2126 1240 2207 (503
1264 2127 1365 2212 sqq.):

463 2230 546 2311 εἴπερ
571 2232 634 2308 γὰρ
659 2229 774 2294 νὶδννεῑν
799 2232 870 2315 χρὴ,
895 2231 1065 2308 τυραννίδος
1090 2231 1156 2309 πέρι

463 2336 632 2402 κάλλιστον
656 2336 789 2409 ἀδικεῖν,
816 2334 924 2400 τᾶλλα
949 2336 974 2399 δ’
999 2337 1140 2414 εὐσεβεῖν
1163 2339 1270 2414 χρεών.

260 2441 340 2507 Cum
362 2444 468 2505 autem
489 2464 508 2505 a
527 2445 622 2526 poeta
643 2462 746 2506 mores
766 2442 970 2527 rationesque
989 2442 1128 2508 Eteoclis
1147 2444 1276 2507 minime
1295 2464 1455 2507 commen·

260 2549 392 2624 dentur,
425 2552 494 2609 tum
525 2569 565 2610 ne
596 2547 648 2610 hie
674 2548 742 2631 ipse
766 2548 892 2631 quidem
925 2571 977 2612 eas
1009 2549 1160 2613 defendat
1188 2550 1279 2633 quasi
1303 2549 1454 2611 virtutem

261 2654 439 2717 naturalem
478 2654 609 2736 viroque
641 2652 880 2737 dignissimam,
912 2658 1179 2738 quemadmodum
1219 2652 1341 2719 Callicli
1385 2654 1455 2737 pla-

261 2759 360 2823 cuisse
391 2757 545 2834 vidimus,
575 2778 634 2841 ego
666 2780 769 2842 neque
798 2759 834 2821 in
863 2760 979 2823 haere
1002 2760 1094 2824 video
1118 2760 1195 2845 quid
1218 2760 1454 2843 reprehenden-

261 2866 337 2929 dum
362 2865 404 2929 sit
417 2865 454 2950 ²).

307 3082 427 3147 Verum
465 3082 532 3165 jam
564 3082 726 3146 videamus
757 3085 946 3167 argumenta
975 3080 1168 3145 fabularum.
1201 3079 1386 3165 Euripides,
1421 3085 1459 3145 ut

262 3210 358 3273 supra
388 3189 535 3272 exposui,
567 3188 626 3252 hae
657 3209 690 3251 re
721 3187 894 3271 plurimum
919 3186 1025 3250 differt
1047 3209 1066 3249 a
1090 3187 1220 3269 tragicis
1243 3187 1457 3271 superioribus

263 3296 348 3380 quod
369 3315 441 3359 raro
460 3297 678 3379 repraesentat
689 3294 924 3378 perpessionem
938 3292 1055 3356 doloris
1068 3292 1306 3357 calamitatibus
1319 3295 1459 3357 externis

263 3402 371 3479 allati,
399 3404 452 3466 sed
477 3402 663 3485 plerumque
687 3400 785 3463 animi
808 3398 1104 3484 perturbationibus
1128 3400 1283 3483 suscepti,
1308 3422 1380 3465 cum
1405 3424 1457 3465 ac·

263 3508 405 3572 tionibus
428 3507 654 3589 affectibusque
678 3527 757 3589 quae
777 3506 852 3568 hinc
871 3510 1060 3589 sequuntur.
1080 3502 1149 3579 Quo
1170 3505 1204 3567 in
1224 3526 1340 3588 genere
1360 3528 1458 3590 quum

263 3636 353 3679 amor
385 3617 417 3677 et
439 3612 711 3696 frequentissimas
735 3615 766 3674 et
790 3610 1081 3675 vehementissimas
1106 3610 1302 3675 calamitates
1326 3611 1458 3689 efficiat,

264 3721 419 3805 plurimae
442 3718 605 3803 Euripidis
627 3717 755 3781 fabulae
778 3721 922 3781 tractant
945 3722 1002 3781 aut
1024 3718 1174 3780 nituntur
1197 3738 1304 3781 amore
1324 3718 1458 3782 honesto

265 3831 321 3889 aut
344 3824 473 3901 illicito,
499 3823 619 3907 mythis
643 3823 783 3906 antiquis
806 3822 976 3886 illustrato.
1009 3821 1037 3885 Ε
1061 3822 1214 3886 dramatis
1237 3823 1461 3907 superstitibus

265 3932 324 3996 soli
348 3930 526 4015 Hippolyto
558 3930 729 3993 inhonesta
760 3929 928 4011 voluptas,
961 3928 1115 3991 Alcestidi
1150 3949 1240 4005 vero,
1276 3929 1459 3993 Androma-

266 4037 361 4113 chae,
385 4036 514 4099 Medeae
538 4037 727 4119 argumento
751 4037 828 4097 sunt
850 4055 972 4098 amores
996 4034 1181 4118 conjugales
1204 4039 1237 4098 et
1260 4036 1373 4101 sancti.

311 4142 401 4205 Inter
432 4141 575 4205 dramata
611 4140 752 4223 perdita,
782 4142 940 4223 quatenus
971 4140 1108 4204 erariis
1131 4140 1257 4205 indiciis
1281 4141 1459 4226 colligitur,

279 4321 456 4332 m-

301 4429 328 4495 1)
349 4427 403 4477 Uno
421 4429 466 4477 hoc
483 4426 628 4477 lineamento
646 4410 740 4476 summa
756 4430 808 4476 arte
826 4430 896 4492 poeta
915 4425 1022 4477 omnium
1041 4424 1189 4476 Helenarnm
1206 4427 1311 4476 indolem
1328 4428 1429 4477 notavit,
1450 4411 1460 4416 μ

300 4513 328 4577 2)
348 4511 491 4561 Plutarchus
511 4512 586 4571 (Mor.
605 4527 644 4575 pg.
664 4512 695 4559 18
706 4513 734 4568 D,
746 4510 776 4569 Ε)
793 4510 854 4559 hanc
873 4510 1006 4559 orationem
1023 4514 1118 4576 turpem
1135 4512 1231 4575 quidem
1248 4528 1298 4561 esse
1313 4513 1353 4560 sed
1371 4511 1463 4560 Eteocli

266 4595 393 4645 convenire
410 4594 481 4653 dicit,
498 4593 612 4658 turpique
629 4593 680 4642 viro
700 4592 819 4641 tributum
837 4609 886 4641 esse
903 4594 949 4657 ipsi
966 4596 1050 4657 poetae
1066 4594 1232 4659 improbatam.
