3250 5217
803 348 866 417 152

238 536 375 621 Hippiae
399 537 615 621 propositum,
636 559 729 621 quem
750 538 903 621 indignor
920 538 1119 622 argumentis
1139 537 1344 622 sequentibus
1363 540 1431 601 tarn

237 644 329 709 facile
360 647 575 709 transversum
604 644 665 729 agi.
690 642 737 708 At
759 645 905 727 quamvis
927 666 1000 709 vere
1022 643 1158 729 Hippias
1182 644 1302 708 indicet
1324 644 1429 727 leges,

238 770 319 833 quas
350 770 443 835 saepe
469 750 682 835 abrogentur,
707 751 749 830 τῷ
774 750 879 829 δικαίῳ
902 754 1102 835 comparatae
1126 772 1238 834 parum
1261 748 1430 834 gravitatis

237 855 372 934 habere,
395 876 461 919 non
485 856 514 919 ei
537 855 789 921 concludendum
809 861 880 921 erat
897 856 984 941 leges
996 877 1166 941 earumque
1178 856 1430 923 observationem

239 984 304 1026 nou
340 984 407 1027 esse
430 962 593 1028 σπουδαῖον
625 968 773 1042 πρᾶγμα.
809 966 931 1030 Verum
964 964 1078 1028 iterum
1104 985 1219 1029 moneo
1241 962 1428 1047 ambiguum

148 1138 149 1141 Ἴ
238 1090 305 1133 esse
336 1091 378 1132 an
407 1068 457 1133 his
486 1069 590 1133 verbis
614 1090 727 1133 usurus
750 1069 862 1134 fuisset
885 1069 947 1133 nisi
969 1074 1158 1153 provocatus
1181 1068 1319 1135 Socratis
1342 1090 1429 1133 com-

236 1174 405 1259 paratione
424 1175 577 1260 justitiae.

285 1281 380 1366 Apud
408 1280 576 1346 Platonem
608 1281 709 1366 (Prot.
741 1302 796 1367 pg.
829 1281 950 1367 3371))
981 1283 1041 1347 hoc
1073 1286 1201 1347 tanturn
1224 1281 1427 1347 testinatur:

237 1390 357 1473 legem,
382 1386 549 1452 hominurn
570 1391 761 1473 tyrannum,
785 1389 817 1452 vi
836 1388 999 1472 impellere
1018 1392 1059 1453 ad
1077 1389 1223 1453 iacienda
1236 1388 1337 1453 multa
1347 1409 1428 1472 qnae

238 1499 371 1559 naturae
394 1498 583 1578 repugnent.
620 1493 658 1557 Id
681 1515 774 1558 nemo
797 1516 916 1580 negare
939 1498 1046 1579 potest
1071 1517 1172 1579 neque
1191 1517 1261 1559 earn
1280 1494 1428 1558 differen-

237 1602 315 1666 tiam
337 1604 466 1665 notasse
488 1600 604 1685 probro
626 1603 689 1685 est,
712 1598 884 1665 (dummodo
907 1623 947 1665 ne
962 1602 1123 1687 juventuti
1134 1602 1284 1667 inculces.
1298 1599 1428 1665 Utinam

237 1706 435 1793 legislatores
465 1729 589 1791 semper
619 1711 750 1772 naturae
777 1708 934 1771 rationem
966 1707 1171 1772 habuissent!
1202 1705 1354 1791 Iniquum
1381 1708 1430 1769 est

238 1815 273 1877 in
297 1813 357 1878 hac
381 1812 519 1897 Hippiae
541 1814 701 1878 sententia
733 1814 814 1878 nihil
847 1814 963 1878 vidisse
993 1814 1054 1879 nisi
1086 1814 1208 1879 fontem
1235 1812 1430 1898 impudentis

239 1918 404 1983 doctrinae
426 1915 582 1984 Calliclis:
610 1916 675 1985 adra
698 1922 714 1993 ἡ
736 1918 767 1984 δέ
786 1944 827 1996 γε
849 1921 944 1999 Φύσις
969 1921 1049 1993 adri
1073 1921 1243 2000 ἀποφαίνει
1267 1919 1363 1997 αὐτὸ,
1385 1915 1430 1984 ὅτι

241 2025 355 2091 directa
380 2025 446 2089 ἐστι
472 2024 521 2088 τὸν
545 2026 662 2102 ἀμείνω
686 2028 740 2091 τοῦ
763 2026 896 2107 χείρονος
922 2026 1016 2091 πλέον
1038 2025 1122 2106 ἔχειν
1146 2026 1197 2090 sal
1223 2027 1272 2090 τὸν
1297 2023 1431 2089 iuraret·

240 2155 322 2212 τερον
340 2136 394 2196 τοῦ
414 2130 664 2210 danamarcam
688 2132 785 2219 (Plat.
810 2132 909 2216 Gorg.
934 2152 990 2217 pg.
1014 2132 1081 2197 483
1093 2132 1145 2217 D).
1178 2131 1321 2196 Primum
1345 2131 1431 2195 enim

240 2237 391 2323 Hippiam
416 2238 450 2300 in
473 2238 617 2302 oratione
639 2238 782 2323 perdita,
807 2260 870 2323 qua
888 2238 1019 2303 induxit
1037 2237 1207 2303 Nestorem
1220 2237 1430 2323 Neoptolemo

239 2346 408 2428 praecepta
428 2343 562 2407 moralia
584 2343 780 2421 tradentem,
806 2343 887 2407 nihil
912 2343 1053 2408 docuisse
1077 2344 1237 2408 diversum
1260 2341 1429 2407 aGraeco-

240 2470 310 2513 rum
343 2448 484 2513 moribus
514 2452 547 2513 et
577 2449 755 2514 rationibus
786 2450 882 2513 etiam
906 2448 1008 2514 Zeller
1032 2448 1172 2535 conjicit.
1195 2448 1277 2513 Tum
1301 2448 1359 2513 illa
1382 2449 1430 2513 di·

240 2554 389 2631 stinctio,
425 2576 523 2638 quum
555 2557 671 2618 natura
694 2555 781 2620 haud
804 2555 899 2638 dubie
922 2555 1018 2620 toties
1041 2555 1164 2640 legibus
1187 2556 1328 2639 praestet
1350 2576 1431 2640 quo·

241 2661 299 2725 ties
329 2661 416 2745 leges
446 2663 596 2739 naturae,
628 2661 724 2725 etiarn
748 2662 917 2726 notionum
942 2665 976 2725 et
998 2683 1123 2725 morum
1158 2663 1431 2725 emundandorum

240 2766 313 2831 fons
336 2770 368 2831 et
386 2766 477 2851 origo
497 2766 629 2831 exstitit.
649 2765 734 2831 Nam
755 2766 945 2852 Lycophron
967 2768 1008 2831 ab
1027 2789 1065 2831 ea
1082 2788 1173 2831 orsus
1192 2766 1317 2851 generis
1338 2766 1431 2832 nobi-

240 2872 363 2937 litatem
396 2893 494 2938 nom
507 2872 518 2935 i
531 2895 584 2937 ne
618 2875 743 2937 tantum
779 2874 944 2960 pulchram
980 2874 1075 2951 dixit3
1115 2871 1299 2938 Alcidamas
1321 2873 1432 2937 eadem

239 2977 364 3042 ratione
394 2977 511 3043 liberos
542 2982 574 3043 et
597 3000 704 3045 servos
726 2983 843 3045 natura
865 3002 956 3065 pares
979 3002 1063 3058 esse,
1089 3000 1155 3044 non
1178 2980 1335 3057 dirers0s;
1360 2979 1431 3044 alii-

240 3106 300 3168 que
324 3106 449 3149 omnem
474 3086 658 3151 servitutem
682 3086 947 3172 improbaverunt
970 3091 1008 3151 ut
1030 3092 1164 3151 naturae
1186 3090 1430 3171 repugnantem.

240 3190 280 3255 In
303 3191 364 3257 hac
385 3212 420 3256 re
443 3212 520 3276 ergo
542 3191 646 3257 solum
669 3193 787 3277 dogma
809 3192 891 3257 illud
913 3191 1190 3267 vehementissime
1214 3192 1430 3275 improbatum

240 3298 366 3363 invenit
387 3298 552 3363 raritatem
574 3302 606 3363 et
629 3299 842 3383 aequitatem,
861 3321 941 3383 quae
960 3299 1099 3383 optimos
1118 3296 1255 3363 Graecos
1274 3297 1429 3373 latuerat,

241 3426 304 3489 qna
323 3423 381 3469 nos
399 3402 461 3469 hoc
481 3406 607 3468 demum
628 3424 705 3469 aevo
729 3403 914 3489 gloriamur.

289 3509 521 3594 Aristophanes
545 3510 680 3595 denique
702 3511 738 3574 in
760 3510 910 3576 Nubibus
933 3512 1049 3596 passim
1072 3510 1213 3576 ostendit
1232 3510 1340 3577 studia
1357 3508 1431 3573 rhe-

241 3617 342 3681 torica
362 3618 495 3702 juvenes
517 3617 690 3682 reddidisse
713 3617 881 3701 loquaces,
905 3618 1034 3696 molles,
1058 3617 1266 3682 effeminatos.
1298 3612 1358 3681 cui
1378 3636 1432 3679 ac·

242 3722 398 3787 cusationi
422 3722 540 3806 partim
569 3722 690 3787 occurri
721 3725 829 3808 potest
859 3744 895 3788 eo
926 3726 1023 3809 quod
1044 3722 1260 3807 sophistarum
1290 3720 1433 3806 plerique

241 3828 463 3913 gymnasticen
487 3828 603 3892 acriter
625 3828 947 3907 commendaverunt,
972 3829 1062 3894 libris
1081 3830 1300 3893 tractaverunt
1319 3830 1352 3891 et
1370 3825 1433 3911 ipsi

231 3954 365 4018 *quoque
388 3937 607 3999 exercuerunt.

285 4038 360 4103 Jam
383 4039 546 4105 subductis
569 4041 697 4106 calculis
720 4041 976 4107 concludendum
999 4046 1047 4106 est
1068 4063 1163 4125 quam
1188 4041 1251 4105 vim
1275 4041 1310 4105 in
1329 4061 1433 4104 mores

255 4182 419 4189 ——qn-

239 4245 377 4297 τὸδίκαιον
395 4263 444 4297 aare
461 4246 491 4296 τὸ
508 4248 555 4295 τοῦ
573 4245 712 4307 κρείττονος
728 4244 862 4308 συμφέρον,
880 4262 894 4295 ιι
908 4245 1031 4295 simillima
1043 4245 1206 4311 propositione
1219 4244 1309 4303 ordiri;
1323 4244 1359 4293 ait
1367 4243 1431 4294 anim

241 4331 271 4379 τὸ
295 4328 387 4379 δίκαιον
408 4330 433 4379 in
456 4328 529 4379 variis
551 4327 688 4379 civitatibus
711 4343 761 4377 essa
784 4327 846 4393 leges
867 4328 927 4377 latas
944 4326 973 4376 ab
990 4328 1020 4376 iia
1038 4327 1080 4392 qui
1095 4326 1224 4392 imparium
1240 4329 1345 4378 tenum.
1364 4326 1433 4375 Unda

241 4415 340 4478 apparet
356 4427 404 4461 nun
419 4412 496 4461 solnm
513 4410 631 4476 sophistas
647 4411 687 4461 sed
704 4410 776 4460 ctiam
793 4413 915 4461 Socratem
931 4409 1059 4475 aliquunde
1076 4408 1139 4459 tueri
1154 4408 1340 4475 propositiones,
1358 4423 1430 4473 qnae,

243 4494 288 4544 nisi
305 4510 398 4545 summa
414 4493 494 4544 cantio
511 4493 664 4551 adhibeatur,
682 4493 708 4542 in
724 4493 874 4559 turpissimas
891 4492 1020 4544 renuntias
1035 4492 1148 4541 inducere
1167 4490 1265 4556 possint.
