3250 5217
806 444 870 510 196

244 626 305 692 Sed
324 630 432 693 tamen
450 632 527 694 sunt
545 628 664 694 indicia
682 628 798 713 quibus
817 628 951 694 inducor
969 630 1007 692 ut
1017 628 1142 693 credam
1153 628 1268 713 tragici
1277 628 1431 713 judicium

242 756 314 799 acre
337 736 375 800 de
399 735 583 801 mulieribus
602 736 788 821 aequalibus
801 758 820 799 a
831 736 961 820 propria
980 738 1116 820 quadam
1136 734 1256 819 injuria
1275 734 1432 819 originem

244 840 369 906 duxisse
397 843 447 906 vel
479 842 591 907 saltem
615 843 849 907 incrementum
871 842 1000 927 cepisse.
1024 841 1165 905 Fabulae
1188 840 1291 918 enim,
1316 840 1433 925 quibus

243 948 379 1011 1161111116
406 949 547 1013 omnium
573 950 713 1033 carpitur
735 948 926 1013 feminarum
949 948 1089 1025 indoles,
1113 950 1271 1033 quatenus
1295 949 1432 1012 aetatem

242 1053 404 1137 cognitam
436 1054 588 1120 habemus
619 1053 761 1141 (Cressae
792 1053 905 1119 Peleus
936 1054 1054 1119 Aeolus
1079 1058 1213 1138 uterque
1236 1053 1432 1138 Hippolytus

173 1164 221 1214 111
239 1158 384 1225 Phoenix
427 1158 539 1226 Medea
574 1160 798 1245 Stheneboea),
834 1182 945 1225 omnes
981 1163 1057 1225 ante
1092 1158 1142 1224 01.
1168 1161 1229 1237 91,
1265 1161 1433 1244 pleraeque

87 1268 222 1321 aul—427
242 1263 290 1330 01.
326 1267 524 1344 87,1-88,1
559 1268 752 1351 compositae
784 1271 868 1333 sunt.
901 1266 942 1330 In
972 1266 1089 1330 fabulis
1113 1288 1194 1349 quae
1217 1288 1235 1330 6
1257 1264 1432 1350 posteriore

244 1374 347 1436 aetate
379 1375 548 1457 supersunt
580 1372 704 1457 (016616
727 1371 806 1437 Ione
829 1370 957 1436 Electra
979 1376 1114 1457 utraque
1136 1371 1306 1456 Iphigenia
1328 1371 1432 1436 Phoe·

243 1478 335 1543 nissis
359 1479 504 1556 Bacchis)
529 1480 660 1544 nonnisi
684 1501 748 1544 una
772 1479 823 1543 vel
847 1479 947 1543 altera
969 1478 1172 1564 reprehensio
1196 1478 1376 1560 invenitur3
1396 1478 1432 1541 in

243 1583 431 1667 fragmentis
455 1607 536 1669 quae
559 1589 730 1669 supersunt
753 1607 791 1648 ex
815 1585 961 1659 eiusdem¹
978 1585 1091 1649 aetatis
1110 1585 1281 1669 tragoediis
1300 1583 1432 1669 perditis

243 1689 435 1775 (Hypsipyle
455 1691 600 1776 Antiopa
617 1690 780 1756 Oenomao
798 1689 977 1775 Chrysippo
989 1691 1163 1756 Alcmeone
1174 1690 1247 1755 061.
1260 1689 1432 1774 Archelao)

242 1796 323 1860 nihil
348 1798 501 1863 eiusmodi
521 1798 667 1865 occurrit.
692 1796 795 1873 Quare
820 1798 887 1862 veri
907 1797 1010 1862 simile
1030 1800 1079 1861 est
1095 1797 1278 1861 memoriam
1296 1795 1433 1879 iujuriae

243 1924 352 1968 recens
375 1908 523 1989 acceptae
547 1905 613 1969 eius
638 1905 777 1969 dicteriis
797 1904 933 1969 subesse.

288 2009 509 2095 Inquisitionis
539 2011 639 2096 igitur
663 2014 701 2075 de
723 2011 791 2075 vita
813 2011 988 2076 domestica
1010 2032 1134 2074 summa
1156 2009 1233 2075 haec
1256 2011 1320 2087 est,
1345 2010 1431 2094 quod

244 2119 339 2200 poeta
369 2117 470 2181 multo
500 2117 662 2201 digniores
692 2120 798 2201 partes
828 2118 943 2182 tribuit
972 2115 1100 2181 feminis
1131 2138 1227 2200 quam
1262 2115 1430 2199 scriptores

242 2222 418 2306 superiores
448 2227 480 2288 et
502 2224 666 2307 aequales,
692 2245 805 2307 easque
830 2224 946 2307 partim
969 2224 1076 2307 pinxit
1093 2220 1156 2294 οἵας
1181 2220 1431 2287 1116111611

243 2324 337 2407 εἶναι,
365 2330 481 2414 purtim
505 2325 564 2395 olas
588 2330 674 2405 ἦσαν.

662 2576 680 2659 ἕ
705 2573 811 2661 2.]16
835 2574 993 2640 Amicitia.

286 2758 443 2835 Quoniam
465 2781 523 2844 pro
543 2781 614 2824 mea
632 2758 715 2824 virili
734 2780 845 2823 omnes
861 2781 911 2823 res
926 2758 1078 2836 tractavi,
1092 2779 1174 2842 quae
1185 2756 1332 2842 Euripidi
1342 2756 1432 2822 cordi

240 2865 335 2930 fuisse
346 2865 504 2943 uidentur,
522 2864 664 2931 hocloco
677 2864 770 2930 etiam
784 2866 824 2929 de
836 2866 976 2929 amicitia
986 2888 1087 2950 pauca
1102 2864 1299 2929 submittam.
1312 2861 1431 2939 Quanti

239 2972 395 3036 momenti
417 2972 459 3036 sit
483 2971 648 3037 hominum
669 2974 883 3056 cousuetudo,
905 2972 1051 3036 universe
1068 2970 1222 3036 indicavit
1241 2970 1281 3034 iis
1299 2972 1430 3034 senten-

241 3079 311 3155 tiis,
340 3078 455 3163 quibus
478 3079 557 3143 dicit
579 3078 725 3144 homines
748 3078 934 3163 plerumque
956 3078 1074 3142 similes
1098 3077 1230 3141 evadere
1252 3076 1292 3140 iis
1315 3076 1431 3160 quibus

240 3185 438 3250 familiariter
461 3188 593 3249 utentur
617 3184 695 3269 (Pel.
721 3184 760 3248 fr.
786 3186 870 3263 612,
890 3183 1012 3249 Phoen.
1031 3182 1430 3266 fr.809,fr.ine.1013),

240 3313 374 3377 quarum
399 3291 566 3356 notissima
589 3296 638 3355 est
659 3290 756 3355 haec:

493 3398 663 3477 (Dtslpevrtv
686 3395 738 3472 11111
762 3398 876 3478 χρήσθ’
901 3397 1021 3475 iuratae
1043 3397 1158 3474 66161,

240 3525 321 3589 quae
350 3505 386 3569 in
407 3503 610 3589 proverbium
635 3502 724 3567 abiit.
1090 3508 1092 3513 '

285 3610 446 3675 Alcestide
468 3609 578 3673 fabula
604 3608 761 3693 imprimis
781 3610 954 3675 amicorum
974 3609 1226 3694 hospitalitatem
1240 3608 1427 3674 celebravit:

240 3716 395 3782 Admetus
418 3715 527 3780 dolore
552 3719 584 3779 61
607 3714 696 3779 luctu
717 3700 887 3780 obuxoris
906 3718 1040 3779 mortem
1061 3713 1197 3779 afflictus
1218 3718 1326 3779 tamen
1346 3713 1429 3779 Her-

240 3823 342 3887 culem
367 3822 507 3907 benigne
532 3821 658 3906 excipit.
684 3821 868 3886 Amicitiam
887 3821 1099 3906 pulcherrime
1117 3821 1291 3886 illustravit
1308 3819 1429 3885 Theseo

239 3931 272 3993 61
301 3927 437 3993 Hercule
466 3928 502 3992 in
533 3926 628 3994 Herc.
653 3927 713 3992 fur.
737 3926 877 3991 Theseus
901 3927 1068 4012 negligens
1091 3927 1253 4011 parricidii
1276 3928 1425 4011 1111111111,

237 4034 313 4119 quia
336 4034 468 4121 (1234):
738 4120 741 4126 Ι

462 4139 556 4212 οὐδεὶς
579 4140 726 4218 cadurca
749 4146 810 4211 τοῖς
836 4139 938 4221 Φίλοις
964 4140 1077 4205 ἐκτῶν
1102 4140 1220 4219 Φίλων,

239 4249 363 4332 partem
400 4246 544 4311 miseriae
572 4247 667 4312 amici
697 4245 834 4313 libenter
861 4247 895 4312 in
919 4268 952 4311 66
974 4246 1045 4312 vult
1067 4246 1221 4331 recipere,
1247 4247 1427 4332 quodcum

242 4375 279 4419 eo
302 4352 397 4419 6116111
422 4355 561 4427 secunda
583 4352 714 4417 fortuna
738 4374 812 4417 usus
836 4351 948 4417 fuisset
970 4374 1008 4417 ex
1030 4352 1142 4417 inferis
1165 4363 1317 4419 servatus.
1345 4352 1426 4417 Tum

243 4459 363 4524 Orestis
392 4457 583 4543 Pyladisque
615 4458 758 4544 exemplo
790 4458 963 4523 amicitiam
993 4458 1167 4523 illustravit
1188 4459 1222 4523 in
1244 4458 1373 4525 Electra
1394 4461 1427 4523 61

236 4565 346 4631 016616
380 4568 412 4630 61
441 4564 585 4629 omnium
621 4564 833 4650 pulcherrime
863 4564 897 4628 111
928 4564 999 4649 Iph.
1032 4564 1185 4644 Taurica,
1214 4566 1268 4631 ubi
1291 4564 1427 4650 Pylades
