3250 5217
714 788 903 873 CAPUT
924 789 1000 877 lV.

646 1022 864 1073 muneram
887 1022 1072 1075 eumen.

306 1222 355 1289 De
378 1222 465 1289 ooelo
488 1244 545 1308 per
564 1226 636 1287 a‘e'ra
654 1222 819 1288 redeamus
841 1225 881 1288 ad
899 1223 1028 1288 terram.
1047 1221 1100 1286 Ab
1119 1221 1348 1307 antiquissimis
1368 1222 1450 1285 tem-
1479 1206 1486 1223 ’

260 1329 391 1414 poribus
410 1330 477 1414 jam
502 1327 712 1413 quaerebatur
731 1328 847 1413 quibus
867 1330 906 1393 de
925 1327 1026 1393 oausis
1039 1327 1134 1393 Nilus
1145 1328 1452 1414 flumenquotauuis

259 1437 295 1501 in
317 1440 436 1501 aestate
460 1439 630 1518 eresceret;
653 1435 819 1521 variasque
841 1435 873 1500 in
898 1438 1006 1519 partes
1029 1435 1068 1501 de
1086 1436 1147 1500 hae
1165 1458 1199 1501 re
1218 1435 1450 1521 disputabatur.

260 1542 427 1627 Euripides
457 1543 566 1628 paucis
595 1542 689 1627 loeis,
716 1542 831 1626 quibus
854 1541 949 1607 huius
971 1541 1112 1605 fluminis
1135 1542 1214 1607 fauit
1235 1542 1450 1624 mentionem,

259 1649 381 1714 iudioat
397 1647 629 1715 incrementum
650 1648 731 1712 illud
751 1647 833 1713 effioi
844 1647 971 1713 nivibus
983 1648 1018 1711 in
1029 1647 1219 1733 Aethiopiae
1227 1648 1315 1733 jugis
1326 1646 1449 1713 solutis.

302 1754 343 1821 In
366 1754 476 1841 primis
498 1754 641 1821 Helenae
663 1754 805 1820 versibus
829 1754 888 1819 hoe
911 1754 1047 1839 legitur:

439 1860 588 1951 Νείλου
612 1862 667 1938 μὲν
692 1857 763 1926 αἵδε
787 1860 1024 1941 καλλιπάρθενοι
1048 1860 1136 1943 ῥοαί,

438 1962 468 2042 te
494 1968 563 2034 οἰντί
587 1968 655 2041 δίας
679 1967 823 2051 qaaere
848 1966 1012 2047 Αἰγθππον
1035 1967 1124 2033 πίδον

440 2084 587 2151 λευκῆς
611 2074 808 2150 τακείσης
833 2073 973 2154 χιθνοι
998 2074 1133 2152 ὑγραίνει
1156 2074 1251 2152 γθαο.

302 2181 342 2247 Iu
364 2181 404 2249 fr.
430 2182 494 2247 280
519 2204 557 2247 ex
581 2180 738 2246 Archelao
761 2184 889 2247 servato
913 2180 1021 2266 (Rhet.
1045 2180 1109 2246 vol.
1133 2182 1167 2246 8.
1190 2202 1223 2266 p.
1249 2178 1345 2267 577):

440 2289 563 2360 Δαναὸς
587 2288 600 2351 θ
625 2290 815 2362 ποντιίιιοντα
840 2286 1013 2366 θυγατέρων
1037 2288 1153 2367 παπίρρ,

354 2458 356 2463 .
441 2394 556 2459 Νείλου
580 2396 675 2459 λιπὼν
699 2392 868 2459 κοίλλιοτον
891 2393 926 2458 is
948 2393 1047 2471 γαίας
1072 2390 1164 2474 ὕδωρ,

441 2496 472 2574 ὃς
497 2501 531 2563 ἐκ
555 2500 787 2581 μελαμβρότοιο
810 2505 981 2581 πληροῦται
1005 2500 1074 2583 ῥοὰς

442 2606 611 2678 Αἰθιοπίδος
637 2614 711 2692 γῆς,
739 2608 814 2681 ἡνίκ’
838 2605 877 2671 δν
899 2616 982 2687 τακῇ
1006 2605 1084 2688 χιὼν

438 2711 580 2792 τίθριππ’
606 2714 731 2787 ἰλῶντος
756 2714 860 2777 Ἡλίον
884 2714 969 2777 κατοί
988 2712 1099 2794 Ιρρθθνα.

302 2818 445 2903 Scriptor
467 2841 645 2904 anonymus
664 2819 896 2885 dissertationis
914 2820 953 2884 de
971 2817 1047 2883 Nilo
1066 2819 1160 2884 huius
1180 2820 1357 2885 sententiae
1376 2842 1448 2885 auo·

256 2931 356 2992 torem
369 2926 468 2991 refert
478 2916 712 3011 Anaxagoram,
729 2928 893 3009 „destrae
907 2926 938 2991 δὲ
951 2926 1003 2990 καί
1016 2925 1180 3006 Εὐριπίδην
1200 2928 1265 2991 ιιαί
1290 2924 1306 2991 ἕ
1314 2949 1400 3006 τορο
1409 2926 1448 2997 ee

256 3057 373 3104 τινας
397 3034 469 3098 τῶν
489 3034 834 3114 τραγῳδοποιῶν.”
854 3032 1036 3099 Herodotus
1056 3031 1114 3117 (II.
1138 3033 1178 3097 19
1191 3034 1276 3119 sqq.)
1295 3036 1405 3097 narrat
1417 3054 1450 3097 se

256 3140 297 3204 ab
315 3140 393 3225 ipsis
412 3139 581 3225 Aegyptiis
601 3138 682 3204 nihil
702 3140 740 3203 de
761 3138 821 3203 hae
841 3159 875 3202 re
894 3138 1056 3223 didicisse,
1074 3138 1129 3202 sed
1142 3160 1213 3204 oum
1225 3138 1291 3203 leni
1302 3139 1449 3205 irrisione

256 3246 375 3311 addens
410 3246 602 3311 Graecorum
635 3246 789 3330 quosdam
820 3245 995 3329 sapientiae
1025 3244 1162 3329 gloriam
1194 3248 1373 3328 oaptantes·
1391 3246 1449 3311 tri·

255 3352 353 3437 pliees
377 3374 485 3417 causas
507 3352 684 3429 iuvenisse,
709 3350 791 3415 hane
816 3372 941 3436 quoque
961 3351 1145 3435 opinionem
1165 3352 1335 3437 proponit,
1359 3353 1449 3417 onius
1532 3407 1535 3413 .

255 3463 362 3522 tamen
397 3461 558 3523 auctorem
590 3455 755 3522 nominare
785 3456 1021 3549 praetermittit.
1054 3456 1174 3522 Seneca
1202 3460 1242 3522 de
1274 3458 1384 3523 eadem
1416 3480 1450 3523 re

255 3564 440 3649 quaestione
467 3565 616 3630 instituta
646 3562 785 3643 (Quaest.
819 3566 887 3630 nat.
918 3562 977 3628 IV.
1011 3564 1042 3641 2,
1074 3564 1115 3627 17
1141 3571 1223 3649 sqq.)
1251 3565 1292 3629 ab
1316 3565 1448 3630 Anaxa·

255 3690 353 3754 goras
383 3671 543 3736 sententia
572 3669 726 3755 insipiens
759 3670 901 3755 subjicit:
939 3670 993 3752 ¹‚in
1025 3672 1136 3735 eadem
1169 3670 1320 3755 opinione
1344 3671 1447 3736 omnis

255 3779 396 3841 vetustas
418 3776 490 3841 fuit.
515 3775 585 3842 Hoe
608 3775 799 3861 Aeschylus,
824 3774 1016 3861 Sophocles,
1040 3775 1207 3861 Euripides
1231 3777 1404 3866 tradunt’.

301 3883 379 3949 Loci
396 3946 398 3951 ,
414 3883 583 3967 Aeschylei
615 3882 677 3947 huo
716 3883 914 3968 pertinentes
951 3887 1122 3967 supersunt
1158 3882 1202 3948 hi.
1237 3883 1350 3969 Suppl.
1382 3883 1446 3950 559

255 3988 423 4074 Aegyptus
454 3992 584 4055 vocatur
606 3991 753 4065 λειμὼν
778 3989 1067 4069 χιονθβοοιιος,
1091 3989 1127 4054 in
1150 3988 1190 4055 fr.
1216 3990 1281 4054 304
1306 4013 1325 4054 a
1348 3990 1449 4073 serip-

255 4099 324 4159 tore
346 4095 420 4160 diss.
442 4094 481 4159 de
503 4094 580 4160 Nilo
602 4099 726 4159 servato
749 4093 828 4160 haee
850 4094 1021 4179 leguntur:

483 4202 652 4272 Αἰθιοπίδος
676 4211 754 4280 γῆς,
780 4209 891 4273 Νεῖλος
915 4200 972 4265 ἕνθ’
997 4201 1160 4282 ἕπτοίρροοι

485 4315 585 4385 γαῖαν
609 4306 739 4373 κυλίνδει
765 4307 950 4385 πνενμοίτοιν
974 4307 1152 4393 ἐπομβρίῃ,

483 4413 513 4478 ίν
537 4412 563 4478 δ’
586 4411 667 4488 ἥλιος
692 4414 831 4495 πνραπδς
856 4413 1028 4494 ἐκλάμψαι
1051 4414 1137 4497 χθονί

484 4521 597 4596 τθιιει
623 4523 826 4600 πετραίαν
852 4521 990 4603 χιθνα·
