3250 5217
814 398 858 461 24

286 579 338 644 Sic
360 578 470 644 omnia
494 577 648 642 delibavit
672 581 707 642 ut
731 578 769 641 de
792 578 925 643 summis
948 578 1043 643 rebus
1065 578 1155 643 fieret
1178 578 1301 644 certior.
1328 578 1432 643 Num·

239 708 335 769 quam
368 705 443 748 vero
474 684 590 749 certior
621 683 725 748 iactus
757 689 823 760 est,
856 684 909 748 sed
941 685 980 748 de
1010 685 1146 768 singulis
1175 685 1268 749 rebus
1291 686 1433 749 animum

239 812 332 875 saepe
355 790 503 855 mutabat
523 792 623 874 prout·
639 790 771 853 diversis
790 790 988 874 temporibus
1007 791 1068 854 sibi
1089 793 1127 855 de
1143 791 1182 855 iis
1199 790 1375 855 videbatur.
1389 789 1435 855 At

240 900 350 961 tamen
379 917 460 982 quae
485 895 546 959 sibi
568 895 603 959 in
627 898 766 959 mentem
791 895 963 960 veniebant
986 896 1135 983 universa
1158 917 1281 980 semper
1303 896 1433 960 conclu-

240 1002 337 1067 debat
367 1002 559 1083 sententia,¹
580 1002 670 1085 quasi
705 1001 739 1065 in
771 1022 867 1066 omne
897 1004 1024 1085 tempus
1055 1004 1088 1066 et
1110 1002 1215 1067 locum
1238 1005 1325 1086 rata3
1352 1003 1434 1067 unde

239 1108 358 1174 factum
395 1115 444 1174 est
480 1114 516 1173 ut
550 1112 675 1173 tantam
712 1108 942 1173 sententiarum
973 1109 1219 1193 discrepantiam
1251 1097 1336 1193 apud
1360 1131 1433 1174 eum

239 1214 402 1279 miremur.

284 1319 332 1383 aa
354 1320 590 1397 inconstantia,
615 1320 696 1384 illud
720 1342 825 1385 rerum
848 1341 1004 1386 noverum
1027 1321 1169 1385 studium
1194 1321 1284 1385 nulla
1303 1344 1338 1387 re
1357 1343 1433 1387 eon-

229 1429 384 1503 tentum,
426 1447 596 1509 rerumque
630 1427 847 1510 praesentium
881 1427 1091 1511 vituperatio,
1126 1427 1161 1491 in
1196 1448 1259 1510 qua
1289 1427 1435 1511 quamvis

241 1530 352 1595 ultima
385 1533 488 1595 aetate
513 1531 617 1615 ‘paulo
648 1531 821 1613 remiserit,
855 1535 962 1595 tamen
994 1532 1114 1596 multos
1144 1553 1201 1617 per
1231 1554 1335 1597 annos
1365 1554 1435 1618 per·

239 1637 412 1714 severavit,
442 1637 541 1701 vitam
563 1637 592 1700 ei
612 1637 820 1701 reddiderunt
840 1636 999 1703 difficilem
1020 1641 1053 1702 et
1072 1660 1186 1722 parum
1203 1638 1337 1716 laetam,
1359 1639 1434 1703 effe·

239 1745 414 1827 ceruntque
445 1747 481 1806 ut
512 1746 594 1807 esset
624 1743 659 1806 in
683 1743 740 1807 illa
762 1744 862 1807 animi
885 1743 1101 1828 aegritudine,
1125 1745 1193 1808 sine
1216 1745 1310 1809 certis
1334 1744 1435 1809 causis

239 1852 402 1934 suscepta,
433 1870 514 1934 quae
538 1849 574 1913 in
593 1849 733 1933 antiquis
757 1851 916 1915 rarissime
932 1848 968 1936 ¹),
990 1850 1025 1914 in
1048 1854 1232 1915 nostrorum
1255 1854 1434 1935 temporum

239 1954 422 2020 hominibus
445 1953 703 2040 frequentissime
726 1956 899 2021 invenitur.

610 2171 629 2254 ᾖ
655 2172 685 2237 2.
710 2169 761 2235 Dc
783 2183 852 2235 arte
876 2171 1060 2258 Euripiden.

284 2337 427 2402 Fuerunt
458 2338 513 2421 qui
543 2337 738 2400 mirarentur
769 2337 820 2401 vel
850 2338 1069 2422 improbarent
1095 2339 1199 2403 virum
1223 2338 1281 2403 tali
1304 2339 1434 2422 ingenio

238 2443 417 2527 praeditum
442 2442 598 2525 tragicam
622 2442 733 2526 poe’sin
758 2442 819 2506 sibi
842 2442 1009 2507 colendam
1033 2444 1219 2528 sumpsisse,
1243 2444 1360 2528 quippe
1384 2444 1434 2508 oui

238 2569 329 2612 meus
353 2547 406 2631 pis
430 2547 559 2611 deorum
585 2553 618 2611 et
642 2547 825 2631 mythorum
846 2549 1027 2613 veneratrir
1047 2549 1433 2633 multoaptiorsitquam

240 2653 375 2738 sceptice
398 2652 629 2737 philosophica.
653 2652 692 2717 In
717 2675 852 2737 quorum
876 2676 1008 2719 numero
1032 2676 1130 2738 quum
1154 2653 1194 2717 K.
1219 2653 1256 2718 Ο.
1280 2654 1435 2719 Mullerus

239 2762 272 2823 et
302 2758 521 2823 Bernhardius
533 2759 560 2845 ²)
590 2759 694 2823 obiter
718 2763 846 2824 tantum
870 2783 938 2826 rem
962 2762 1143 2845 attingant,
1172 2761 1220 2824 vir
1243 2760 1435 2825 clarissimus

237 3028 378 3078 concludere
400 3044 427 3078 es
450 3029 609 3095 displicuisse,
635 3031 698 3094 quod
722 3031 850 3081 absurdum
873 3036 947 3091 esset;
965 3033 1040 3081 immo
1058 3031 1138 3097 potius
1155 3029 1228 3081 dixit:
1249 3045 1299 3079 nne
1316 3030 1348 3078 in
1364 3029 1436 3078 illis

237 3100 361 3175 quidem
386 3112 521 3177 scriptis
543 3114 677 3163 remedium
694 3113 800 3163 inveni.”
825 3116 901 3180 Hipp
919 3117 968 3165 ⁹52
985 3131 1035 3181 sqq.
1059 3115 1162 3164 Theseus
1180 3114 1314 3181 Hippolyto
1329 3113 1436 3180 Orphica

237 3194 349 3243 instituta
367 3193 496 3258 exprobrat

538 3275 583 3335 ἤδη
603 3295 643 3326 ννν
661 3276 738 3341 αὔχει
756 3278 799 3328 καὶ
817 3277 964 3343 δι’ἆψόχον
981 3282 1056 3342 βορᾶς

539 3364 622 3418 ’σίτοις
639 3359 770 3419 medard,
789 3361 883 3426 Ὀρφέα
900 3363 926 3410 τ’
935 3360 1025 3411 Zivoesr’
1032 3360 1101 3424 ’lxm

539 3441 666 3505 βάκχευε,
683 3449 784 3493 πολλῶν
801 3443 960 3507 γραμμάτων
976 3448 1056 3505 τιμῶν
1072 3445 1193 3502 κατνονς,

539 3520 598 3573 irtel
612 3527 641 3587 γ’
650 3522 758 3588 ἐλήφθης
768 3544 772 3553 ·
783 3526 844 3583 τοὺς
861 3523 888 3574 δὲ
905 3524 1035 3584 τοιούτους
1052 3523 1103 3588 ἐγὼ

538 3604 640 3669 φεύγειν
659 3611 775 3670 προφωνῶ
793 3612 870 3656 τοῖον·
889 3605 1013 3668 θηρεύουσι
1029 3609 1079 3670 γὰρ

538 3691 645 3751 σεμνοῖς,
659 3690 785 3753 sipoto-ru,
803 3687 901 3751 οιῖοχρᾶι
916 3686 1099 3751 μηχανώμενον.

272 3769 374 3819 Fabulae
396 3770 473 3820 exitus
497 3772 565 3820 docet
589 3771 750 3837 Orpbioorum
774 3771 942 3820 institutorum
958 3775 1098 3821 sectatorem
1115 3787 1163 3820 nou
1180 3771 1303 3821 simulasse
1319 3773 1434 3822 virtutem

237 3852 276 3900 sed
294 3851 333 3917 pie
351 3850 501 3903 observasse:
517 3852 635 3902 Theseum
654 3852 731 3917 igitur
747 3855 818 3918 poeta
836 3852 941 3902 ostendit
957 3868 985 3902 ea
1002 3852 1113 3901 institute
1129 3852 1220 3917 injuria
1236 3854 1352 3904 derisisse.
1378 3857 1434 3905 Non

237 3938 316 3983 temen
334 3936 452 3984 affirmare
468 3935 545 3985 susim
560 3952 616 3985 eum
631 3936 708 4000 ipsum
724 3934 752 3983 ab
761 3936 827 3983 omni
836 3939 905 4000 parte
914 3936 1020 3999 Orphica
1028 3934 1145 3999 probasse,
1155 3936 1268 4000 quoniam
1279 3938 1373 3987 disertis
1382 3954 1435 3987 ver-

237 4014 274 4065 bis
298 4016 360 4079 regis
382 4018 555 4067 accusationem
581 4018 686 4066 refutare
702 4017 791 4065 omisit.
821 4018 911 4066 Verum
928 4017 1009 4066 nullus
1026 4016 1108 4066 dubito
1122 4018 1261 4083 Euripidem
1275 4036 1303 4069 es
1317 4037 1364 4070 non
1380 4037 1434 4070 con·

237 4100 363 4147 temnenda
379 4101 420 4149 sed
437 4117 497 4165 quae
515 4100 674 4150 observentur
690 4099 830 4162 dignissima
845 4099 959 4149 habuisse.
976 4102 1060 4164 Neque
1074 4117 1128 4151 eum
1142 4102 1237 4167 Cyclop.
1248 4104 1297 4152 646
1305 4109 1434 4154 sectatores

235 4180 314 4230 ridere
338 4182 438 4233 Janslrio
460 4184 501 4248 <de
525 4182 584 4248 phil.
612 4182 669 4230 Eur.
693 4181 830 4231 Jehresber.
850 4182 949 4233 Kethol.
965 4182 1053 4247 Gymn.
1080 4184 1181 4234 Breslau
1198 4185 1331 4237 luco-ol
1348 4203 1387 4251 pg.
1405 4186 1434 4252 l)

234 4264 398 4315 concesserim.

271 4346 296 4407 1)
318 4346 392 4395 Velut
409 4345 435 4395 in
456 4344 581 4396 Hadriano
598 4346 750 4412 imperatore.

270 4428 298 4494 2)
316 4429 360 4493 ΡΒ.
379 4429 441 4477 384:
462 4427 508 4476 ulls
528 4443 576 4476 war
594 4427 784 4493 eigenthumlioh
802 4432 851 4480 und
868 4447 914 4480 neu
930 4431 1040 4481 dessein
1058 4432 1152 4481 Denker
1169 4432 1218 4481 und
1235 4431 1315 4481 Stiliet
1331 4432 1370 4481 die
1385 4434 1435 4481 tre·

236 4510 316 4575 gische
333 4510 416 4558 Poesie
433 4525 488 4560 aum
506 4509 589 4575 Organ
607 4510 685 4560 seiner
701 4512 823 4561 Refiexion
840 4511 959 4563 maela?
