3250 5217
797 382 841 449 48

222 568 343 654 placuit
353 566 603 643 Anaximandro,
616 565 807 648 Parmenidi,
824 563 960 649 Diogeni
972 562 1208 650 Apolloniatae,
1222 560 1414 637 Democrito,

221 673 417 759 Empedocli.
438 671 647 757 Anaxagoras
668 673 706 736 de
727 672 870 736 omnium
883 670 1094 735 animantium
1110 670 1316 753 generatione
1327 669 1415 735 varie

222 780 403 846 disseruisse
426 780 569 861 videtur,
595 783 631 843 ut
654 776 817 863 colligitur
839 799 857 841 e
880 776 1072 841 testimoniis
1096 781 1248 841 veterum.
1269 776 1414 853 Quoded

222 886 349 974 plantas
373 885 500 963 attinet,
525 886 610 969 apud
635 883 889 970 Theophrastum
915 882 1139 968 (Hist.Pla11t.
1166 882 1227 963 111,
1244 884 1277 968 1)
1297 884 1416 969 legitur

222 994 439 1073 Ἀναξαγόρας
474 992 530 1067 μὲν
562 992 612 1055 τόν
638 991 714 1069 όέρα
737 990 1016 1069 acascomarcos
1041 986 1125 1068 ἔχειν
1149 989 1337 1068 σπέρματα·
1362 990 1414 1054 καὶ

223 1105 328 1165 ταῦτα
352 1098 658 1177 σνγκαταΦερόμενα
683 1098 724 1177 τῷ
749 1094 839 1161 ὑδατν
862 1103 975 1179 γεννᾷν
1000 1096 1040 1158 τόν
1062 1095 1151 1173 <Dura
1167 1098 1201 1182 ¹).
1227 1095 1274 1161 De
1291 1096 1416 1160 anima-

223 1207 301 1272 lium
332 1204 537 1291 generatione
568 1202 662 1287 Diog.
688 1202 723 1267 h.
750 1202 806 1288 (11,
834 1205 863 1268 3.
890 1204 924 1287 9)
948 1224 1020 1266 eum
1044 1202 1187 1267 docuisse
1212 1202 1327 1266 refert.-
1350 1201 1415 1283 ζῷα

223 1312 365 1391 γένεοόαν
391 1309 425 1387 ἐξ
447 1312 538 1389 ὑγροῦ
563 1310 615 1373 καὶ
634 1312 741 1389 όερμοὺ
766 1309 817 1373 καὶ
844 1309 993 1385 γεώδους,
1016 1306 1188 1387 ὕστερονδὲ
1213 1308 1414 1386 dictandam.

223 1418 358 1485 Brevius
380 1414 534 1502 Origenes
556 1415 670 1500 philos.
696 1415 758 1499 (ed.
783 1414 886 1479 Oxou.
912 1435 967 1499 pg.
997 1415 1070 1501 15):
1101 1414 1165 1495 ζῷα
1192 1415 1224 1481 a
1243 1414 1297 1489 οὑν
1316 1416 1417 1496 ἀρχὴν

226 1528 255 1590 ἐν
281 1526 360 1603 ὑγρῷ
383 1523 537 1605 γένεοόαν,
560 1522 645 1598 μετόν
670 1526 774 1585 ταῦτα
800 1521 832 1586 δὲ
857 1520 891 1599 ἐξ
914 1524 1070 1596 αλλήλων.
1110 1520 1215 1586 Parvo
1238 1521 1418 1585 discrimine

158 1634 161 1641 ’
225 1633 375 1698 Irenaeus
398 1628 482 1713 (adv.
506 1627 616 1693 Heret.
636 1627 679 1693 II.
704 1628 776 1713 14);
798 1625 1031 1711 »Anaxagoras
1050 1630 1166 1704 autem,
1187 1628 1243 1712 qui
1262 1627 1418 1693 etatheus

226 1735 470 1821 cognominatus
501 1737 565 1810 est,
598 1733 828 1818 dogmatizavit
858 1733 945 1797 facta
966 1734 1135 1810 animalia,
1161 1734 1377 1799 decidentibus
1401 1757 1418 1799 e

226 1843 313 1908 coelo
341 1842 375 1906 in
399 1844 515 1905 terrem
540 1840 747 1906 seminibus''.
770 1838 842 1904 Nisi
866 1838 1014 1904 irenaeus
1037 1840 1200 1924 putandus
1224 1840 1266 1905 sit
1288 1863 1345 1925 per
1367 1863 1417 1905 er-

226 1969 329 2012 rorem
352 1949 392 2011 ad
417 1945 568 2011 animalia
588 1945 749 2010 rettulisse
767 1945 853 2029 quod
873 1945 912 2010 de
930 1945 1051 2030 plantis
1070 1946 1192 2010 dictum
1212 1950 1417 2031 esset(quum

227 2056 293 2119 eius
316 2053 412 2118 verba
434 2053 518 2117 idem
543 2071 641 2136 prope
665 2052 847 2137 exprimant
870 2054 957 2136 quod
980 2050 1193 2137 Theophrasti
1215 2051 1304 2117 locus
1323 2075 1419 2137 supra

227 2160 398 2245 laudatus),
422 2159 639 2242 quaerendum
663 2161 712 2223 est
735 2180 811 2221 num
836 2161 959 2242 pugnet
982 2178 1051 2223 cum
1073 2158 1256 2223 auctoribus
1276 2160 1418 2244 superio·

227 2267 324 2331 ribus.
349 2265 535 2359 Schaubach
558 2265 626 2349 (pg.
655 2265 731 2349 182)
753 2286 824 2329 eum
845 2286 916 2328 cum
936 2263 1001 2328 illis
1021 2264 1176 2349 conjungi
1186 2268 1418 2350 posseeenset3

228 2372 350 2438 »solere
373 2372 457 2437 enim
482 2372 613 2436 seriores
635 2392 674 2435 ex
698 2370 903 2457 opinionibus
926 2374 1067 2436 veterum
1091 2371 1177 2435 haud
1201 2372 1278 2435 satis
1296 2372 1419 2457 perspi-

228 2502 285 2545 cue
302 2478 476 2544 enuntiatis
488 2480 639 2563 dogmata
650 2477 832 2561 effingere”.
845 2476 965 2541 Eodem
978 2477 1112 2542 fortasse
1123 2481 1257 2542 redeunt
1269 2477 1420 2563 Diogenis

228 2592 261 2652 et
283 2585 408 2652 Irenaei
428 2585 614 2668 sententiae,
641 2585 667 2649 si
691 2584 725 2649 rt
750 2584 856 2662 θερμὸν
880 2586 965 2668 quod
992 2583 1046 2649 ille
1069 2583 1165 2649 refert
1183 2584 1420 2670 aetherosigni-

227 2693 323 2757 ficare
353 2690 523 2756 statuimus
537 2689 584 2781 l),
609 2694 640 2755 et
660 2690 824 2775 sicigitur
847 2690 1042 2774 explicamus
1062 2689 1158 2754 verba
1181 2688 1238 2766 »ἐξ
1262 2690 1353 2769 ὑγροῦ
1367 2691 1419 2754 καὶ

228 2801 336 2878 όερμοὺ
360 2799 411 2861 καὶ
436 2796 600 2874 γεὺὑονς”,
624 2800 660 2861 ut
684 2796 717 2860 ἔν
742 2800 795 2860 τοὺ
820 2796 945 2875 όερραοὺ,
958 2795 979 2858 i.
993 2816 1019 2859 e.
1033 2796 1176 2880 aethere,
1191 2798 1225 2861 τό
1240 2796 1378 2880 ὑγρὸν,ἰ.
1392 2818 1419 2861 e.

228 2904 344 2968 humor
378 2900 542 2987 pluvialis,
577 2902 704 2967 decidat
734 2902 769 2965 in
799 2901 834 2965 τό
866 2902 977 2979 γεῶδες
1008 2902 1074 2967 sive
1097 2906 1215 2967 terram
1229 2896 1264 2988 ³).
1301 2901 1420 2967 Verum

229 3012 438 3095 Anaxagoras
473 3008 500 3073 si
534 3008 595 3073 hoc
617 3007 788 3086 voluisset,
814 3007 1001 3092 diligentius
1025 3010 1058 3071 et
1081 3007 1237 3091 copiosius
1259 3008 1422 3072 locuturus

229 3116 326 3181 luisse
350 3114 579 3180 existimandus
603 3116 660 3180 est.
1357 3195 1361 3201 Ι

275 3222 324 3287 De
357 3220 554 3307 philosophis
584 3219 750 3285 haetenus.
783 3219 896 3304 Neque
927 3222 968 3283 ab
999 3219 1039 3285 iis
1069 3222 1197 3285 tantum
1227 3224 1260 3285 et
1282 3219 1422 3305 antiquis

232 3328 431 3416 genealogis,
450 3326 504 3393 sed
524 3326 665 3411 a‘poetis
684 3346 810 3411 quoque
829 3326 952 3392 coelum
973 3329 1153 3411 terramque
1168 3327 1323 3412 conjungi
1335 3348 1422 3393 com-

265 3524 293 3588 1)
310 3520 452 3571 Aristoteles
466 3517 507 3582 (de
524 3518 605 3567 Plaut.
619 3519 640 3566 l.
656 3518 684 3567 2)
699 3516 758 3566 dicit
771 3517 867 3583 plantas
875 3517 1009 3566 desiderare
1017 3518 1106 3577 solem,
1115 3515 1254 3579 εὐκρασίαν,
1263 3515 1324 3579 αόρα
1334 3534 1355 3565 α.
1365 3533 1388 3565 τ.
1399 3526 1422 3565 Λ.

230 3605 289 3655 ’ἐστι
308 3602 335 3653 de
352 3603 398 3653 ααό
411 3619 451 3660 τις
470 3600 537 3663 ἀρχὴ
554 3602 601 3658 τῆς
618 3600 662 3662 μὲν
679 3602 771 3662 τροφῆς
786 3604 836 3648 τῶν
851 3604 937 3662 avrea
951 3599 1001 3649 aaa
1011 3599 1176 3663 τῆςγῆς,αοὺ
1186 3599 1338 3663 adernam}
1350 3598 1424 3662 ότόρα

230 3690 278 3746 τῆς
302 3685 422 3750 γενέσεως
446 3684 496 3733 ὑπὸ
522 3686 568 3732 τοῦ
594 3681 671 3738 alalon
699 3682 801 3746 Subjicit
826 3677 880 3730 εἷπε
902 3680 929 3731 δὲ
954 3683 1188 3749 Ἀναξαγόρας,
1213 3682 1252 3732 ότι
1278 3680 1292 3736 ὑ
1318 3681 1424 3745 ὑγρότης

231 3768 327 3819 τούτων
345 3765 416 3817 ἐστὶν
433 3766 483 3816 atat
501 3768 547 3823 τῆς
564 3767 620 3829 γῆς,
634 3764 677 3813 καῖ
691 3762 732 3813 dcta
747 3767 825 3813 τοῦτο
840 3763 1136 3827 ’όφηονρὺςΛεχόνεονότν
1156 3760 1170 3820 ὑ
1188 3766 1228 3828 γῆ
1247 3763 1349 3826 μήτηρ
1367 3763 1424 3827 μέν

232 3847 306 3901 ἔστι
330 3854 392 3899 τῶν
415 3852 536 3913 φονῶν,
559 3847 572 3896 ὑ
595 3845 626 3895 δὲ
650 3846 741 3905 ἥλιος
769 3844 881 3909 πατήρ.
905 3849 975 3913 Quod
993 3848 1053 3897 mihi
1070 3848 1172 3897 similius
1189 3850 1285 3898 videtur
1298 3848 1425 3913 allegoriae

231 3935 281 3985 aive
297 3933 413 3983 orationis
428 3934 517 3997 figurae
534 3932 563 3980 de
586 3930 823 3996 propagatione
848 3930 986 3995 plantarum
1003 3946 1074 3995 quam
1091 3934 1157 3980 carto
1173 3931 1279 3996 dogmati
1295 3932 1325 3980 de
1341 3947 1424 3980 aarum

233 4032 369 4081 orrgrne.

268 4100 293 4160 2)
309 4100 345 4149 Cf.
363 4097 463 4149 Aristot.
482 4098 510 4145 de
529 4096 602 4146 Coelo
621 4096 678 4154 lII,
699 4096 713 4143 3
731 4097 755 4144 et
773 4096 794 4143 Ι.
814 4096 837 4143 8.
855 4094 945 4159 Simpl:
958 4095 988 4143 ad
1004 4094 1028 4143 h.
1047 4094 1064 4143 l.
1081 4095 1148 4145 Plut.
1165 4095 1230 4145 Plac.
1248 4096 1311 4145 Phil.
1331 4096 1367 4147 II.
1385 4097 1424 4145 la.

269 4184 296 4249 3)
313 4182 390 4231 ΖοΙΙοι·
413 4180 455 4245 (Ι,
483 4180 544 4244 906)
569 4180 639 4243 putat
663 4177 792 4227 secandum
816 4179 983 4241 Anaxagoram
1006 4176 1077 4227 initio
1099 4178 1212 4228 animalia
1235 4179 1316 4229 eadem
1333 4178 1427 4227 ratione

235 4281 281 4330 qna
303 4265 396 4329 plautas
419 4266 472 4311 orta
489 4276 551 4318 esse,
569 4260 614 4309 hoe
630 4263 726 4309 tautum
743 4259 880 4309 discrimine
897 4262 925 4307 ut
942 4274 1025 4308 eorum
1042 4260 1133 4309 semina
1151 4261 1233 4309 ‚nicht
1249 4276 1292 4309 aua
1311 4260 1354 4309 der
1369 4258 1427 4309 Inrfl

235 4348 283 4396 and
297 4348 352 4395 dem
368 4344 488 4393 Fauehten
506 4344 607 4391 eundern
625 4358 667 4391 aus
684 4344 738 4391 dem
755 4342 887 4405 reungen,
905 4342 959 4389 dem
973 4342 1063 4390 Aether
1076 4342 1217 4406 hergeleitet
1231 4342 1336 4401 werden,
1352 4341 1427 4391 werin

235 4430 289 4479 ihre
310 4428 399 4477 lohere
422 4428 504 4475 Natur
527 4426 669 4489 angadeutet
693 4422 809 4473 acheiut'’.
837 4423 931 4489 Quibus
947 4423 1025 4473 vertis
1041 4424 1092 4473 sine
1109 4424 1181 4473 dubio
1196 4428 1288 4489 spectat
1305 4425 1348 4472 τὸν
1365 4422 1426 4484 ἆόρα

236 4510 392 4576 'l'heophraeti
410 4512 434 4557 et
452 4508 482 4555 τό
501 4506 585 4567 θερμόν
604 4507 717 4571 Diogenis
734 4507 767 4571 (v.
786 4522 858 4571 supra
875 4507 900 4555 in
917 4506 962 4554 hae
978 4510 1038 4570 ρος).
