3250 5217
753 432 818 504 113

186 639 275 703 posse
296 618 473 703 praefracte
496 620 691 704 negando
715 618 795 684 vitia
814 623 945 684 deornm
967 620 1007 683 ab
1024 620 1379 706 euenumeratefflere.

183 724 241 791 fur.
263 725 496 791 1341-1346.
521 726 586 791 vid.
609 747 665 812 pg.
694 727 789 812 104),
813 718 1132 811 itemque'Heeubam
1151 728 1185 791 in
1204 726 1380 792 'Ihoadibus

184 831 259 914 (911
283 833 368 916 sqq.)
389 830 532 896 Helenae
543 832 740 897 excusationi
753 809 1115 898 occurrerehffirmando
1127 833 1208 898 falsa
1219 820 1286 897 esse
1298 856 1379 918 quae

181 936 235 999 illa
255 937 294 1001 de
314 936 436 1002 Venere
456 943 564 1003 narret
586 939 687 1024 deque
707 938 839 1023 reliquis
859 940 978 1005 deabus
992 938 1025 1019 ¹).
1044 940 1378 1006 Hocmodocorruere

181 1042 251 1108 illas
275 1045 495 1109 excusationes
520 1066 645 1110 necesse
669 1050 718 1110 est
730 1066 737 1122 ;
763 1049 819 1110 sed
841 1050 874 1110 et
896 1047 958 1111 hoc
975 1046 1053 1111 solo.
1077 1045 1162 1111 Nam
1174 1046 1273 1131 siquis
1284 1051 1378 1130 putat

182 1150 254 1213 deos
284 1150 455 1235 populares
479 1172 634 1216 summam
659 1152 761 1237 legem
786 1151 925 1216 ethicam
950 1152 1143 1217 constituere
1166 1152 1313 1236 ipsosque
1337 1154 1378 1217 ad

181 1255 279 1320 ritem
311 1259 542 1341 congruentem
578 1258 725 1332 tendere,
762 1279 821 1322 nec
845 1262 953 1322 tamen
977 1257 1159 1322 fabularum
1182 1257 1377 1342 mythologi-

182 1384 289 1427 earum
321 1362 487 1428 veritatem
512 1368 627 1447 neget,
653 1364 776 1429 nullo
800 1364 986 1430 rationis
1009 1368 1259 1449 argumento
1283 1364 1377 1428 refel-

181 1470 244 1533 lere
268 1473 375 1554 potest
398 1469 649 1535 conclusionem:
675 1491 751 1555 ergo
773 1492 878 1555 neque
897 1470 1060 1536 infirmnm
1080 1492 1183 1555 genus
1203 1469 1376 1534 humanum

182 1576 330 1640 virtutem
353 1579 461 1661 potest
483 1577 624 1661 assequi,
649 1599 752 1662 neque
774 1578 925 1662 peccandi
948 1576 1043 1661 culpa
1066 1579 1193 1641 tenetur
1206 1574 1243 1662 ⁹).

226 1679 287 1756 Qui
319 1682 539 1767 syllogismus,
573 1687 609 1746 ut
632 1683 746 1767 reliqui
770 1683 909 1747 eiusdem
933 1683 1074 1767 generis,
1098 1682 1281 1766 frequenter
1305 1704 1375 1747 cum

184 1787 327 1853 irrisione
357 1790 427 1852 λίοον
457 1790 551 1860 καλὸς
578 1790 669 1867 λόγος
692 1790 758 1853 sive
782 1789 969 1874 simpliciter
992 1789 1086 1860 καλὸς
1112 1788 1204 1866 λόγος
1229 1792 1376 1866 vocatus,

182 1894 264 1978 quod
300 1894 427 1979 adjutor
462 1899 494 1959 et
528 1916 637 1959 suasor
667 1895 817 1959 vitiorum
851 1898 959 1959 tamen
991 1894 1128 1960 convelli
1158 1915 1224 1958 non
1251 1896 1375 1978 posset,

183 2000 288 2065 multis
309 2020 435 2085 quoqne
456 2000 527 2065 aliis
551 2002 680 2085 negotia
701 2000 871 2066 facessivit.
893 2001 990 2086 Apud
1008 2000 1111 2086 ipsum
1125 1999 1375 2085 Aristophanem

184 2106 371 2171 acerrimum
395 2111 650 2192 oppugnatorem
670 2107 763 2171 huius
787 2106 1005 2191 mythologice
1027 2128 1103 2171 usus
1126 2106 1238 2178 δίκαιος
1265 2105 1375 2188 λόγος,

182 2216 350 2297 postquam
374 2213 607 2297 imprudentius
628 2214 796 2279 contendit
815 2218 870 2288 rin
890 2213 974 2287 δίκην
996 2214 1080 2298 apud
1101 2214 1175 2277 deos
1194 2234 1277 2289 esse,
1294 2210 1377 2275 nihil

183 2318 279 2384 habet
302 2322 389 2404 quod
415 2320 607 2403 respondeat
629 2324 670 2400 τῷ
695 2321 787 2401 ἀδίκῳ
813 2320 896 2399 λόγῳ
921 2320 1067 2384 monenti
1087 2318 1241 2383 scelerum
1261 2316 1374 2381 huma-

183 2446 296 2489 norum
315 2406 537 2489 auctoritatem
556 2426 591 2490 in
610 2424 723 2491 lovem
737 2426 962 2497 conferendam
975 2448 1042 2491 esse
1055 2426 1090 2511 ¹).
1106 2423 1229 2509 Quique
1240 2423 1375 2509 posthac

183 2532 220 2595 de
256 2532 396 2597 moribus
425 2533 476 2597 vel
508 2535 546 2598 de
578 2533 765 2598 educatione
788 2554 959 2618 puerorum
983 2533 1241 2597 commentantur
1262 2530 1374 2595 iisdem

192 2726 372 2735 ᾗ*

215 2851 240 2915 1)
259 2851 320 2901 981ο
790 2845 916 2910 μᾶμαθεῖς
931 2848 995 2897 relat
1013 2844 1068 2906 tetre

462 2933 492 2983 τὸ
513 2934 555 2983 οόν
573 2934 647 2983 κακὸν
664 2935 809 2995 κοσμοῦσα,
828 2931 863 2997 μὴ
881 2929 909 2981 οἷο
926 2931 1015 2994 orclem
1031 2932 1131 2992 σοφούς.

461 3015 552 3078 Κύπριν
569 3014 592 3065 δ’
610 3014 712 3082 ἔλεξας,
729 3017 816 3064 ταῦτα
832 3016 882 3078 γαρ
898 3012 980 3077 γίλοος
998 3012 1091 3069 τολϋς,

464 3094 541 3148 ἐλθεῖν
559 3096 610 3161 ἐμῷ
629 3100 671 3163 ξῦν
689 3096 760 3146 surdi
776 3095 889 3146 Μενέλεω
906 3094 1004 3156 δόμους.

461 3179 505 3230 οἷον
523 3180 552 3230 ev
571 3179 672 3242 μένοντ’
691 3178 720 3228 ἂν
738 3179 836 3241 ῑίονχός
853 3179 881 3241 γ’
899 3174 924 3226 ἓν
941 3174 1030 3238 οὐρανῷ

462 3261 555 3321 αιόταῖς
574 3261 714 3324 Ἀμύκλαις
732 3263 757 3308 τ’
775 3258 871 3323 ἤγαγεν
888 3261 948 3320 τρὸς
963 3257 1054 3313 ”Ιλοον;

462 3342 490 3402 ἦν
510 3344 585 3406 οὖμὸς
605 3345 657 3402 νῖδς
673 3342 769 3402 κάλλος
786 3340 1004 3403 εἷοτρετέοτατος,

464 3428 476 3475 ὁ
494 3428 537 3485 τος
556 3425 579 3474 δ’
598 3424 653 3475 ἰδών
672 3444 705 3474 νον
722 3427 777 3483 νοῦς
794 3421 893 3481 ἐποιήθη
910 3421 1008 3485 Κύπρος.

182 3509 310 3574 Eurysthei
332 3509 478 3558 excusationi
501 3510 538 3574 (in
562 3512 609 3558 tine
637 3508 772 3568 Heraclid.)
789 3523 828 3572 pg.
847 3508 896 3555 112
912 3506 1002 3555 relatae
1019 3504 1082 3553 nihil
1098 3504 1195 3553 omnino
1211 3505 1374 3569 respondetur.

184 3591 288 3641 Menelai
305 3591 376 3641 verbe
394 3608 422 3640 ex
439 3592 606 3641 Andromacha
621 3590 710 3641 ibidem
726 3590 800 3639 citata
817 3590 868 3653 ipsa
882 3588 933 3651 jam
948 3603 1087 3654 responsum
1101 3586 1276 3637 constituebant
1290 3589 1319 3636 ad
1334 3603 1375 3636 en·

180 3674 307 3736 tegressam
323 3674 497 3723 accusationem
516 3674 629 3723 Helenae.

213 3756 239 3814 2)
259 3756 468 3821 Quemadmodum
486 3755 606 3820 aptissime
624 3753 652 3803 ab
671 3756 729 3804 Ione
746 3742 881 3819 expressum
899 3755 947 3812 est,
965 3752 1013 3802 vid.
1030 3767 1069 3817 pg.
1090 3753 1146 3800 106.

212 3837 238 3901 3)
255 3839 322 3890 Nub.
342 3836 419 3891 1079:

385 3920 477 3982 μοιχὸς
494 3920 543 3981 γαρ
560 3917 587 3976 ἢν
605 3916 690 3982 τύχςρς
707 3916 785 3975 οἱλοῢς
802 3906 862 3964 τίδ’
879 3915 988 3977 ἀντερεῖς
1004 3915 1064 3976 πρὸς
1079 3912 1165 3970 αὐτὸν,

379 4000 411 4060 ὣς
430 3999 502 4051 οὐδὲν
521 3998 650 4058 ἠδίκηκας·
668 3996 717 4049 εἶτ’
734 3995 760 4057 ἐς
777 4000 820 4047 τὸν
837 3998 880 4047 Δί’
896 3994 1081 4060 ἐπανενεγκεῖν,

378 4082 488 4141 κάκεῖνος
506 4082 538 4141 ως
557 4082 641 4139 ἥττων
658 4080 748 4143 ’ἔρωτός
765 4077 823 4129 ἐστι
842 4079 883 4129 καὶ
900 4083 1038 4143 γνναοκόν·

380 4165 463 4214 καίτοι
483 4165 515 4213 ον)
533 4163 618 4223 θνητὸς
635 4161 738 4232 benicet
755 4166 808 4220 τῶς
825 4160 913 4226 μεῖζον
928 4160 958 4211 ev
976 4160 1072 4217 δόνακος

220 4248 377 4298 Adversarius
394 4249 520 4314 respondet
533 4247 587 4311 joco
602 4246 727 4297 obscoeno:

386 4333 417 4380 τί
431 4328 454 4379 δ’
471 4329 499 4388 ἢν
516 4328 666 4394 ῥαφανιδωθῇ
684 4327 812 4389 πιθόμενός
829 4344 869 4377 σοι
886 4326 968 4395 τέφρᾳ
984 4345 1014 4378 τε
1031 4327 1116 4391 τολθῇς

387 4414 437 4479 ’ἔξεο
456 4413 514 4462 τίνα
530 4411 630 4475 γνώμην
647 4409 731 4473 λε’γεον
748 4412 778 4459 τὸ
796 4409 831 4471 μὴ
848 4408 1016 4472 εὐρύπρωκτος
1033 4407 1105 4467 eleae

191 4513 236 4560 qno
255 4502 282 4547 nt
299 4497 445 4561 significetur
462 4497 523 4562 apud
539 4496 647 4545 homines
662 4497 743 4544 temen
758 4493 847 4542 scelere
863 4492 906 4541 illa
922 4494 1038 4559 supplicio
1055 4509 1098 4543 sno
1113 4508 1162 4541 non
1178 4506 1375 4551 cerere,excuse-

187 4579 259 4628 tionis
275 4582 442 4644 argumentum
460 4578 527 4627 nullo
543 4578 614 4627 modo
630 4577 758 4625 refutetur.
775 4576 810 4624 Of.
830 4575 893 4627 902:

1232 4674 1247 4718 8
