3250 5217
760 393 820 457 171

195 597 277 639 mum
299 574 465 660 pulchrum
488 574 618 643 nonnisi
636 574 670 639 in
690 597 821 663 corpore
836 575 970 662 pulchro
989 574 1135 644 habitare
1154 595 1245 659 posse
1258 572 1301 660 1);
1321 578 1386 640 tes·

193 682 326 746 timonio
359 684 407 745 est
430 680 598 746 admiratio
620 681 766 767 illorum,
793 683 907 769 quiin
931 682 1059 748 Socrate
1083 685 1115 746 et
1137 701 1288 766 magnam
1312 703 1384 747 cor·

190 788 276 874 poris
307 787 541 853 deformitatem
574 793 740 855 cernerent
763 793 796 855 et
818 812 975 855 summam
1000 788 1117 853 mentis
1140 787 1382 873 praestantiam.

189 894 264 981 Ipse
284 897 400 959 natura
418 894 586 980 cultusque
602 895 745 961 assiduus
765 897 855 981 genti
876 895 1013 961 Graecae
1024 885 1100 959 'non
1120 894 1222 959 solum
1241 896 1380 959 mentem

190 1022 301 1066 sanam
331 1000 486 1065 tribuerat
516 1000 550 1064 in
574 1022 706 1087 corpore
728 1024 824 1082 sano,
850 1001 1025 1068 sedetiam
1049 1004 1187 1067 mentem
1210 1000 1377 1085 pulchram

190 1108 223 1171 in
249 1129 381 1191 corpore
404 1105 556 1191 pulchro;
583 1130 656 1172 nam
680 1131 752 1173 cum
777 1110 800 1174 ii
823 1110 900 1188 soli,
925 1108 980 1193 qui
1004 1107 1181 1192 disciplinis
1198 1107 1381 1192 artibusque

190 1213 373 1280 liberalibus
397 1213 585 1292 studebant,
609 1235 723 1299 corpus
747 1216 905 1293 colerent,
928 1214 1080 1301 perfectio
1104 1214 1202 1278 animi
1221 1233 1293 1278 cum
1313 1234 1383 1279 cor-

190 1322 276 1406 poris
298 1320 493 1406 perfectione
517 1322 690 1405 conjuncta
715 1344 781 1387 esse
806 1322 939 1387 solebat.

235 1427 322 1492 Hinc
352 1424 463 1507 τέχναι
494 1426 646 1503 βάναυσοι
678 1429 840 1513 despectui
864 1429 973 1506 erant,
998 1427 1172 1493 obstabant
1193 1426 1277 1491 enim
1302 1448 1382 1511 quo-

191 1534 295 1619 minus
322 1554 433 1598 omnes
459 1537 566 1617 partes
589 1534 688 1599 animi
711 1538 743 1599 et
766 1535 908 1620 corporis
931 1556 1031 1621 aeque
1053 1533 1253 1613 colerentur,
1276 1536 1308 1599 et
1331 1534 1382 1598 vel

189 1640 324 1705 infestae
347 1642 440 1705 erant
462 1639 549 1705 haud
569 1662 640 1705 raro
661 1641 850 1727 perfectioni
868 1641 917 1706 illi
939 1645 1081 1706 staturae
1105 1650 1138 1705 et
1156 1639 1266 1717 faciei,
1285 1660 1382 1725 quam

189 1746 300 1811 Graeci
323 1746 359 1810 in
381 1745 511 1810 homine
534 1746 675 1831 ingenuo
698 1747 916 1832 postulabant.
936 1746 1105 1831 Euripides
1127 1766 1216 1823 vero,
1237 1746 1293 1830 qui
1312 1743 1380 1809 for-

190 1876 259 1919 mae
279 1874 392 1937 parum
413 1851 584 1930 tribueret,
605 1852 665 1917 hac
683 1874 810 1939 quoque
829 1854 864 1917 in
884 1875 917 1918 re
936 1876 1009 1918 cum
1026 1852 1149 1918 civibus
1168 1853 1233 1916 auis
1245 1872 1380 1917 consen·

189 1960 248 2023 tire
267 1980 334 2024 non
354 1960 497 2042 poterat3
518 1959 669 2043 produxit
688 1960 849 2044 operarios
861 1960 934 2024 illos
945 1959 1175 2043 frugalissimos
1191 1958 1238 2044 (in
1252 1957 1382 2022 Electra

189 2072 220 2131 et
244 2064 383 2150 Oreste),
411 2088 491 2151 quos
510 2086 567 2130 sua
587 2088 683 2130 manu
703 2066 824 2131 victum
846 2067 907 2131 sibi
926 2070 1115 2152 quaerentes
1134 2064 1218 2129 solos
1238 2063 1382 2127 omnium

187 2172 354 2238 hominum
378 2173 540 2237 civitatem
560 2195 685 2239 servare
705 2173 786 2237 dixit
803 2172 871 2259 (Or.
894 2174 990 2257 920);
1012 2176 1044 2237 et
1063 2172 1123 2237 hac
1142 2170 1267 2235 ratione
1286 2170 1383 2235 simul

187 2301 258 2344 cum
273 2278 402 2345 Socrate
415 2280 492 2363 (vid.
505 2280 536 2344 X
540 2279 656 2364 cnoph.
670 2280 804 2345 Memor.
819 2280 852 2343 Il
865 2302 892 2347 c.
907 2281 940 2364 7)
952 2283 1036 2344 artes
1047 2278 1217 2344 illiberales
1229 2299 1248 2341 a
1261 2276 1379 2341 civium

187 2388 373 2470 contemptu
397 2385 581 2449 vindicavit.
607 2384 693 2469 Elrgo
715 2386 774 2449 hac
793 2406 919 2471 quoque
937 2386 971 2450 in
992 2408 1024 2449 re
1042 2383 1227 2470 aequalibus
1247 2381 1382 2468 praeivit

188 2496 220 2557 et
243 2490 456 2556 recentiorum
480 2491 688 2576 opinionibus
713 2492 796 2556 viam
818 2492 971 2569 munivit;
994 2492 1218 2575 discedensque
1238 2490 1278 2553 ab
1296 2490 1382 2553 auti-

186 2598 274 2683 quis,
301 2600 336 2661 ut
355 2618 448 2682 saepe
468 2597 521 2674 fit,
543 2597 583 2661 ab
596 2597 695 2661 altera
708 2600 798 2683 parte
810 2598 950 2683 profuit,
963 2598 1004 2662 ab
1016 2597 1117 2661 altera
1129 2595 1243 2661 obfuit.
1257 2594 1384 2679 Sprevit

187 2703 336 2787 idipsum
354 2704 439 2787 quod
458 2725 533 2787 prae
554 2704 666 2768 ceteris
685 2704 813 2789 populis
834 2708 867 2769 et
885 2704 1082 2789 temporibus
1102 2703 1134 2767 in
1155 2701 1284 2768 Graecis
1297 2702 1383 2767 anti-

185 2810 256 2895 quis
284 2810 466 2873 laudamus:
493 2809 612 2873 cultum
637 2812 890 2875 consentientem
916 2811 1058 2875 omnium
1083 2810 1200 2874 mentis
1222 2808 1383 2893 corporis-

186 2938 246 3001 que
269 2915 400 2986 virium;
428 2918 462 2979 at
483 2915 613 2981 sustulit
629 2919 714 3001 quod
733 2916 1010 3000 reprehendimus:
1032 2916 1149 2980 laboris
1168 2918 1380 2981 contemtum.
1469 2977 1471 2980 .

186 3022 224 3087 In
251 3023 471 3105 καλοκάγαθίᾳ
495 3022 551 3086 illa
573 3023 681 3087 omisit
705 3024 738 3087 τὸ
763 3023 899 3105 κάλλος,
925 3023 1017 3086 auxit
1039 3022 1073 3087 τὸ
1099 3021 1226 3101 ἀγαθόν.

229 3126 461 3213 Aristophanes
499 3151 624 3214 quoque
660 3129 870 3193 mutationem
903 3128 1081 3213 perspexit,
1116 3127 1380 3211 vehementerque

185 3237 316 3319 questus
348 3239 396 3299 est
423 3236 626 3320 juventutem
655 3236 716 3300 arti
739 3235 866 3299 dicendi
888 3234 1127 3300 incumbentem
1153 3233 1379 3317 gymnasticen

186 3340 358 3425 negligere.
384 3340 481 3406 (luins
505 3340 576 3405 vitii
600 3341 726 3426 culpam
750 3341 895 3427 quamvis
919 3362 986 3405 non
1005 3340 1120 3405 diserte
1138 3339 1173 3402 iu
1193 3337 1379 3423 Euripidem

185 3445 346 3524 conferat,
372 3450 481 3511 tamen
507 3451 576 3511 viro
599 3447 638 3511 cl.
664 3471 693 3514 v.
718 3447 874 3513 Leeuwen
888 3446 914 3532 ⁹)
938 3447 1092 3511 assentior
1105 3445 1264 3510 rhetorem
1277 3444 1383 3509 sceni-

184 3574 256 3617 cum
279 3552 309 3617 ei
344 3551 456 3637 procul
489 3552 585 3617 dubio
618 3553 822 3618 obversatum
839 3575 922 3618 esse.
948 3550 1095 3618 Comicus
1117 3550 1248 3616 acerbus
1273 3552 1381 3614 autem

183 3660 292 3723 eodem
317 3662 365 3723 est
389 3659 496 3723 animo
518 3681 554 3723 ac
572 3680 683 3724 omnes
706 3660 770 3724 fere
789 3660 943 3745 temporis
961 3658 1024 3723 acti
1042 3658 1231 3722 laudatores.
1258 3656 1380 3742 Magno

184 3764 330 3829 acumine
361 3770 473 3829 notare
503 3765 607 3830 solent
636 3766 714 3851 quid
737 3768 929 3851 procedente
952 3769 1095 3848 tempore
1118 3764 1325 3849 depravatum
1351 3767 1382 3828 et

183 3873 367 3954 corruptum
392 3871 450 3953 sit,
475 3893 556 3956 quae
583 3892 666 3937 nova
686 3872 765 3937 vitia
784 3872 989 3956 irrepserint,
1011 3893 1108 3956 eaque
1128 3870 1237 3934 omnia
1257 3891 1381 3933 summo

180 3977 252 4061 jure
275 3976 532 4060 reprehendunt;
558 3978 612 4042 aed
632 3979 716 4043 caeci
734 3982 811 4044 suut
833 3979 872 4043 ad
893 3978 1105 4043 correctiones
1124 3976 1381 4040 emendationes·

184 4104 245 4167 que
270 4083 319 4147 vel
343 4104 427 4147 nova
451 4084 553 4163 bona,
578 4106 659 4168 quae
682 4085 767 4151 idem
787 4074 931 4169 'spatium
957 4084 1110 4169 temporis
1133 4081 1252 4148 attulit.

220 4287 246 4352 1)
274 4287 328 4337 Vid.
352 4288 396 4337 rh.
416 4287 514 4352 Bergk„
533 4288 687 4338 Griechische
704 4281 962 4354 bituraturpesohichta
981 4291 994 4339 1
1011 4307 1048 4355 pg.
1070 4292 1099 4341 de
1121 4291 1173 4340 adia
1190 4292 1320 4341 Schdnbeit
1337 4293 1380 4343 der
1475 4282 1478 4285 ⁴

183 4372 294 4418 admorsu
322 4369 486 4434 Erecheiuung
512 4370 563 4433 galt
587 4370 622 4419 als
645 4370 683 4419 die
705 4371 820 4420 aicherete
841 4372 985 4433 Bdrgschaft
1003 4372 1102 4423 iuneren
1118 4372 1260 4432 Werthea;’'
1276 4391 1315 4441 pp.
1333 4375 1377 4425 282

184 4449 279 4499 ducere
295 4452 343 4500 und
358 4455 451 4500 atraere
467 4452 597 4501 Schtnheit
613 4453 666 4502 sind
683 4453 744 4502 nach
759 4454 801 4502 der
817 4453 972 4518 Vorstelluug
987 4455 1030 4504 der
1039 4456 1157 4505 Griechen
1166 4455 1378 4507 umartrcnnbar.’'

190 4533 240 4597 ι2)
260 4532 358 4582 Dissert.
377 4532 414 4582 lit.
433 4548 472 4598 pg.
491 4534 523 4582 68
542 4537 623 4584 annet.
