3250 5217
774 382 816 445 55

247 562 368 628 Verum
393 564 454 629 alia
476 564 511 629 in
534 563 664 649 regione
687 564 837 630 Graeciae
859 566 894 629 in
914 566 1047 630 similem
1067 568 1260 632 sententiam
1281 569 1389 633 incur-

191 670 310 737 rimus.
333 668 560 756 Epicharmus,
586 672 723 737 comicus
746 671 935 749 Siciliensis,
960 673 1040 738 alter
1058 674 1266 759 philosophus
1285 676 1389 741 sceni-

193 798 275 855 cus,
309 780 348 841 de
379 782 449 841 ortu
481 781 513 842 et
545 782 647 842 morte
676 778 845 863 scripserat
874 778 974 864 (Plut.
1007 777 1134 845 Consol.
1160 784 1200 845 ad
1223 781 1330 867 Apoll.
1355 806 1388 867 p.

192 884 265 947 110
279 885 322 970 A)
348 885 522 963 νσννειιρθθν
548 886 599 950 sai
626 885 752 963 dissultu
778 884 830 949 sal
855 886 1003 964 ἀπῆνθεν,
1029 884 1092 951 ὅθεν
1115 883 1180 961 ἦνθε
1205 888 1318 975 πάλιν,
1340 894 1386 967 νῖι

187 990 252 1069 μὲν
276 992 319 1062 εἰς
344 996 427 1075 yur,
454 997 577 1068 πνεῦμιι
602 992 628 1055 δ’
652 989 722 1056 ιἰνιι.
750 995 780 1057 τί
804 991 896 1057 τῶνδε
918 994 1080 1071 χαλεπῶς
1109 993 1174 1059 οὐδὲ
1197 991 1262 1058 ἕν.”

241 1096 455 1182 Epicharmus
487 1099 584 1183 vulgo
615 1099 754 1164 creditur
785 1098 1005 1184 Pythagoreas
1036 1100 1221 1184 disciplinae
1251 1107 1389 1168 sectator

190 1203 311 1281 fuisse3
347 1226 407 1269 neo
441 1225 505 1269 non
536 1205 572 1268 in
597 1204 646 1269 his
670 1204 771 1269 Zeller
794 1206 861 1290 (pg.
887 1206 966 1292 462)
991 1206 1078 1270 videt
1099 1206 1388 1292 ›Pythagoreieehe

189 1310 388 1389 Einfltisse’',
421 1310 481 1376 hae
511 1311 645 1375 fortasse
676 1314 715 1375 de
742 1333 836 1376 causa
862 1314 949 1396 quod
974 1312 1009 1376 hi
1027 1295 1160 1377 'animas
1183 1312 1293 1379 relicto
1317 1336 1387 1379 cor-

190 1439 276 1502 pore
310 1418 345 1482 in
381 1417 508 1483 aethere
540 1416 734 1483 circumferri
765 1417 993 1505 eredebant1),
1029 1422 1109 1483 teste
1144 1419 1237 1486 Alex.
1273 1420 1387 1504 Polyh.

192 1525 299 1609 (apud
330 1523 423 1609 Diog.
458 1522 493 1591 L.
527 1522 620 1588 VIII.
646 1525 712 1609 31).
737 1524 896 1608 Indagare
919 1528 1100 1609 poteramus
1125 1530 1231 1589 utrum
1256 1534 1388 1611 uterque

190 1635 293 1715 poeta
326 1630 460 1695 fortasse
484 1652 500 1695 e
523 1630 676 1695 doctrinis
712 1629 859 1715 Orphicis
896 1630 1053 1709 hauserit,
1089 1653 1167 1716 quas
1202 1631 1388 1716 Euripidem

192 1736 380 1821 frequenter
399 1758 645 1801 commemorare
669 1737 822 1813 vidimus,
846 1737 1067 1822 Pythagoreos
1090 1748 1196 1802 autem
1218 1737 1310 1803 valde
1328 1738 1387 1803 ho-

191 1865 327 1907 norasse
348 1846 474 1908 constat
488 1842 532 1929 θ),
554 1866 596 1907 an
612 1842 816 1907 Atheniensis
828 1845 923 1927 poeta
935 1842 1128 1908 Siciliensem
1140 1826 1284 1908 imitatus
1295 1843 1337 1925 sit
1349 1845 1385 1930 ⁸).

193 1949 261 2015 Sed
281 1950 357 2015 satis
377 1952 426 2015 est
438 1971 627 2015 consensum
640 1952 776 2014 notasse.
790 1948 822 2013 N
823 1972 874 2013 am
888 1949 983 2013 etiarn
995 1950 1063 2013 sine
1076 1953 1187 2014 mutuo
1200 1951 1386 2016 commercio

194 2056 563 2147 consentaneainveniri
575 2056 667 2121 facile
680 2056 831 2141 explicari
842 2058 955 2140 potest.
970 2054 1221 2120 Observantibus
1233 2059 1387 2140 quantam

193 2163 422 2247 cognationem
452 2163 486 2227 in
510 2161 664 2245 religione
686 2167 719 2228 et
740 2162 898 2228 institutis
922 2166 1033 2247 gentes
1056 2163 1186 2247 regione
1208 2165 1313 2227 aetate
1335 2163 1387 2227 in-

193 2269 294 2352 genio
314 2269 544 2335 diversissimae
564 2269 704 2333 habeant
723 2269 783 2335 hac
800 2270 917 2334 solede
930 2269 1119 2353 causaquod
1133 2292 1257 2353 omncs,
1269 2270 1388 2354 quippe

194 2376 364 2441 societates
387 2376 561 2452 humanae,
585 2376 795 2440 humanitatis
813 2376 1003 2460 quibusdam
1023 2375 1146 2460 legibus
1166 2376 1387 2441 communibus

194 2482 389 2547 constrictae
412 2486 502 2557 sunt,
523 2482 666 2567 profecto
686 2504 753 2547 non
771 2484 887 2547 mirum
906 2486 1012 2567 potest
1031 2483 1131 2547 videri
1150 2485 1230 2546 duos
1248 2482 1386 2547 eiusdem

194 2589 305 2673 gentis
324 2588 467 2654 homines
488 2589 659 2673 aliquando
680 2590 849 2674 separatim
870 2592 902 2653 et
923 2589 991 2653 sine
1003 2588 1185 2653 imitatione
1196 2590 1321 2653 easdem
1333 2610 1387 2655 eo·

194 2695 370 2779 gitationes
388 2695 566 2780 protulisse.
588 2696 629 2773 Ii,
647 2696 702 2781 qui
715 2696 756 2759 ab
769 2696 926 2760 similibus
938 2695 1072 2759 exordiis
1084 2694 1218 2780 profecti
1231 2695 1387 2760 similibus

193 2800 375 2878 rationibus
396 2805 548 2885 utuntur,
568 2802 744 2866 necessario
763 2802 938 2866 adsimiles
957 2802 1178 2866 conclusiones
1190 2802 1386 2886 pervenient.

243 2906 355 2993 Neque
387 2908 477 2974 video
502 2930 557 2973 cur
581 2908 728 2973 omnibus
753 2910 855 2973 modis
877 2929 936 2973 nos
960 2913 1081 2973 vertere
1106 2911 1139 2973 et
1160 2912 1308 2993 torquere
1331 2909 1386 2973 de-

194 3014 327 3079 beamus
340 3003 387 3078 ‘ut
409 3018 539 3079 tandem
559 3015 787 3099 investigemus
806 3013 963 3099 aliquem,
983 3036 1078 3100 quem
1098 3013 1267 3097 Euripides
1287 3015 1386 3079 servi-

230 3193 258 3258 1)
276 3194 346 3257 Quod
364 3194 467 3259 pressius
483 3194 572 3243 referre
589 3194 684 3243 videtur
701 3194 766 3242 eliud
784 3194 922 3257 Epicharmi
938 3194 968 3243 fr.
987 3210 1000 3243 a
1019 3194 1140 3242 Clemente
1156 3193 1195 3242 Al.
1213 3195 1345 3242 servatum:

430 3275 535 3338 εὐσεβὴς
551 3277 595 3325 τὸν
612 3279 664 3325 ννθν
683 3277 799 3339 πεφυκὼς
816 3274 844 3325 οἷν
860 3275 949 3333 ’πάθοις
966 3277 989 3324 ιι’
999 3273 1068 3325 οὐδὲν
1085 3277 1158 3325 κακὸν

431 3357 555 3407 ιιιιτθιινιθν
566 3377 571 3387 ·
581 3356 629 3407 θένω
646 3360 676 3408 τὸ
694 3361 793 3420 πνεθμιι
810 3356 920 3419 διαμένει
938 3360 997 3407 κατ’
1014 3356 1118 3420 οιίρανθν.

229 3442 335 3491 Eundem
351 3458 399 3491 esse
416 3459 509 3492 eausam
526 3443 646 3508 suspicor,
664 3459 707 3492 eur
723 3442 800 3492 Zeller
818 3443 858 3508 (ΙΙ
874 3459 912 3509 pg.
934 3442 975 3504 17)
994 3444 1022 3491 de
1035 3442 1171 3508 Euripideis
1184 3458 1242 3506 quse
1255 3444 1386 3491 tractamus

195 3524 321 3573 sententiis
342 3525 405 3573 diest
432 3526 498 3574 ..dees
514 3526 547 3574 eie
565 3525 637 3574 theils
654 3526 696 3576 auf
711 3526 749 3574 die
766 3526 844 3575 Lehre
861 3527 901 3574 des
919 3527 1071 3589 Anaxagoras
1088 3525 1136 3574 und
1154 3524 1297 3583 Archelaus,
1314 3523 1386 3574 theils

197 3607 241 3657 eui
255 3607 574 3672 Orphisch-Pythugorische
591 3607 820 3673 Ueberlielerungcn
836 3605 1036 3657 zuriickvveieen.'’

231 3692 257 3751 2)
274 3688 504 3753 Μετεμθινχθσειις
526 3691 641 3758 placitum
661 3692 774 3757 Orphicie
790 3692 916 3756 proprium
933 3694 998 3750 erat,
1016 3692 1057 3740 sed
1073 3691 1200 3754 ignoratur
1216 3706 1275 3739 num
1291 3691 1386 3755 prester

196 3773 303 3837 mythice
325 3773 367 3823 illa
387 3774 459 3823 etiam
476 3778 587 3836 φυσικῶς
604 3775 732 3839 quidquem
750 3776 778 3823 dc
794 3778 873 3823 morte
889 3774 1029 3832 statuerint,
1047 3774 1085 3822 vel
1102 3773 1187 3822 esltem
1204 3772 1384 3838 disputaverint.

196 3855 402 3904 Commemoratur
423 3854 484 3904 liber
507 3856 626 3921 Orphicns
650 3854 761 3913 Φνσιιιά,
780 3872 793 3905 e
810 3872 857 3920 quo
873 3855 1003 3905 verisImile
1019 3857 1055 3904 eet
1071 3853 1225 3904 Aristotelem
1242 3854 1283 3918 (de
1300 3853 1387 3902 Anime

197 3936 217 3995 I,
237 3936 251 3984 b
274 3952 312 4001 pg.
329 3938 378 3987 485
397 3938 430 4001 B)
456 3936 576 3987 rettulisse
594 3938 663 3988 haec:
691 3939 768 3986 τοῦτο
787 3935 814 3985 δὲ
832 3934 936 3986 πέπονθε
952 3936 995 3985 nul
1012 3936 1025 3984 θ
1041 3933 1066 3985 ἐν
1083 3938 1137 3993 τοῖς
1155 3936 1279 3998 Ὀρφικοῖς
1296 3945 1387 3983 satov-

198 4015 280 4079 μένινις
301 4016 374 4067 ’ἔπεσι
397 4018 559 4082 depredari
581 4020 630 4082 γὰρ
653 4018 697 4075 τῆν
722 4018 808 4082 ψυχὴν
830 4016 858 4068 ἐκ
875 4022 921 4068 τοῦ
939 4018 998 4068 daeo
1015 4016 1117 4068 εἰσιέναι
1134 4016 1301 4067 ἀναπνεόντων
1316 4022 1387 4079 Φερο-

198 4097 269 4159 μένιρν
295 4097 350 4149 v‘rrd'
369 4098 475 4161 ιἰνέμιιν,
504 4103 564 4151 unde
590 4106 669 4151 tamen
697 4101 759 4151 nihil
785 4102 965 4167 consequimur,
989 4103 1051 4166 quod
1069 4101 1192 4165 evulgari
1210 4100 1387 4167 opinioneeius

197 4184 282 4233 aetatis
298 4184 403 4234 multum
419 4184 542 4250 discrepet.
562 4186 663 4250 Insuper
681 4185 749 4234 valde
767 4186 858 4233 ineerta
875 4189 911 4234 eet
928 4184 978 4234 eius
994 4184 1050 4234 libri
1066 4184 1201 4234 auctoritas.

231 4268 259 4332 3)
278 4266 353 4315 Valelr
387 4268 437 4332 (pg.
462 4268 505 4333 55)
527 4268 619 4317 confert
645 4268 750 4316 Lucretii
774 4268 891 4332 quaedam
907 4266 1031 4317 simillima
1048 4268 1074 4331 (Ι
1092 4267 1151 4326 alo,
1169 4267 1197 4315 11
1216 4266 1386 4328 tal-1022),

197 4367 257 4415 quae
274 4352 336 4399 unde
352 4358 422 4416 poeta
439 4352 560 4401 Romanus
575 4352 690 4417 petiverit
708 4351 813 4417 reperire
831 4367 878 4400 non
897 4352 973 4417 potui.
992 4351 1094 4400 Nullum
1111 4349 1175 4399 enim
1191 4351 1283 4399 exstare
1291 4349 1386 4397 videtur

197 4432 373 4489 testimonium,
398 4449 445 4497 quo
462 4434 591 4498 Epicurus.
609 4434 676 4483 cuius
694 4433 845 4498 disciplinam
862 4433 967 4481 numeris
985 4433 1083 4491 clausit,
1100 4448 1128 4481 es
1146 4432 1251 4482 docuisse
1267 4431 1385 4479 tradatur.

199 4517 349 4580 Quamquam
367 4518 471 4565 Munroe
488 4518 591 4566 affirmat
607 4517 671 4565 locos
689 4516 743 4565 illos
761 4516 859 4565 omnino
877 4516 1007 4581 Epicurum
1024 4514 1137 4564 redolere.
