3250 5217
752 406 794 470 97

171 606 292 671 meque
309 585 375 651 ictu
397 589 534 651 corruat.
560 584 637 651 Non
657 588 764 650 tamen
785 585 894 650 statim
912 586 1080 671 Euripides
1092 608 1159 652 eam
1173 587 1367 652 sententiam

170 692 405 777 pronuntiavit.
426 691 464 756 ln
487 690 591 776 capite
609 692 747 757 secundo
767 695 906 758 tractata
924 694 1109 777 quaestione
1128 696 1169 758 de
1188 696 1366 759 dramatum

171 798 385 882 chronologia
415 798 525 863 monui
560 802 625 864 tres
656 801 776 864 aetatm
807 820 900 884 posse
932 800 1104 885 distingui,
1128 800 1282 885 primam,
1306 822 1369 885 qna

171 904 228 967 vix
260 902 365 968 adhuc
396 905 436 967 de
459 903 576 968 divinis
599 903 714 969 sabulis
737 905 919 982 dubitaret,
945 908 1133 983 secundam,
1156 906 1277 989 quain
1302 906 1368 970 dies

170 1009 212 1074 iis
246 1010 341 1075 fidem
377 1009 551 1095 denegaret
584 1032 700 1095 easque
733 1011 839 1096 palam
870 1012 1092 1097 impugnaret,
1126 1012 1273 1089 tertiam,
1304 1032 1368 1095 qua

172 1116 361 1200 religionem
393 1117 572 1182 rationibus
604 1117 775 1183 sollicitare
799 1118 965 1183 desineret.
991 1116 1091 1193 Quem
1114 1118 1258 1182 ordinem
1282 1140 1369 1181 nnnc

174 1242 319 1307 quoque,
350 1244 450 1307 quum
479 1224 514 1287 in
539 1222 665 1308 singula
691 1222 877 1308 diligentius
900 1223 1125 1308 inquirendum
1149 1227 1215 1302 est,
1238 1245 1367 1289 serran-

174 1330 251 1392 dum
275 1331 365 1413 puto.

631 1845 820 1929 CAPUT
841 1846 893 1929 V.

591 2078 638 2129 mr
662 2078 797 2129 andern
820 2078 945 2131 PRIMA.

221 2246 260 2311 In
292 2246 450 2332 prioribus
480 2247 581 2331 igitur
611 2247 784 2332 tragoediis
814 2247 945 2311 omnino
968 2246 1033 2311 fere
1056 2268 1128 2311 cum
1151 2247 1270 2311 tradita
1292 2248 1367 2313 reli-

176 2352 271 2437 gione
293 2353 463 2420 consentit.
490 2352 596 2418 Variis
618 2353 695 2418 locis
718 2352 779 2417 fati
802 2352 941 2417 celebrat
962 2352 1117 2442 invictam
1137 2354 1365 2421 necessitatem.
1490 2376 1494 2384 ·

174 2458 214 2522 In
248 2457 409 2524 Alcestide
441 2460 596 2544 imprimis
629 2460 695 2523 eius
722 2459 762 2523 fit
784 2459 915 2523 mentio.
940 2461 1092 2523 Admetus
1114 2481 1213 2544 quum
1236 2460 1304 2524 fato
1327 2462 1368 2524 ad

177 2568 311 2630 mortem
342 2570 424 2631 esset
455 2566 646 2643 destinatus,
680 2564 797 2651 Apollo
822 2564 1007 2649 impetravit
1032 2568 1069 2629 ut
1093 2565 1212 2630 viveret
1238 2566 1265 2630 si
1287 2566 1368 2631 alius

176 2671 334 2756 quispiam
365 2693 423 2756 pro
451 2693 488 2737 eo
519 2674 653 2737 mortem
682 2671 795 2736 obiret.
820 2671 875 2735 Dii
899 2672 1002 2748 enim,
1025 2675 1061 2735 ut
1083 2674 1168 2756 apud
1191 2669 1366 2736 Homerum

173 2780 206 2840 et
227 2776 426 2842 Herodotum
440 2778 576 2842 vidimus
589 2774 634 2862 ¹),
646 2776 706 2841 fati
719 2779 845 2841 decreta
857 2776 1060 2861 aliquatenus
1071 2779 1194 2841 mutare
1206 2780 1365 2861 poterant.

174 2880 279 2956 Quum
302 2902 384 2947 uxor
406 2882 536 2947 Admeti
558 2883 695 2948 Alcestis
719 2883 815 2946 morti
839 2903 872 2947 se
894 2883 1039 2960 offerret,
1063 2882 1183 2968 Apollo
1203 2882 1297 2948 huius
1316 2905 1367 2947 sa-

174 2986 275 3052 lutem
299 3010 319 3052 a
342 2987 489 3053 Thanato
512 2988 632 3053 frustra
654 2989 778 3074 petivit.
804 2986 886 3064 Quia
910 2993 1017 3052 autem
1040 2988 1141 3052 fatum
1166 2990 1241 3052 ante
1261 2988 1368 3052 omnia

175 3098 311 3183 mortem
344 3095 511 3160 decernere
542 3095 746 3172 credebatur,
776 3094 837 3159 fati
868 3094 1043 3177 mortisque
1066 3093 1236 3157 necessitas
1260 3094 1369 3158 eadem

174 3200 239 3265 fere
260 3222 326 3265 esse
345 3200 481 3265 videtur.
515 3200 691 3265 Notissimo
713 3201 802 3265 chori
820 3199 944 3264 cantico
965 3198 1370 3284 (soa-990Jeelebratu1

176 3307 321 3392 ἀνάγκη,
341 3308 444 3372 solum
469 3330 587 3372 numen
611 3307 699 3371 cuius
722 3306 845 3371 nullam
869 3328 957 3370 aram
982 3308 1148 3381 adeamus,
1173 3305 1258 3389 quod
1281 3326 1370 3369 sacra

177 3413 266 3477 nulla
279 3414 433 3498 accipiat3
446 3414 593 3498 idemque
604 3412 873 3498 potentissimum,
886 3434 961 3476 nam
975 3412 1070 3475 etiam
1078 3410 1206 3495 Jupiter
1215 3410 1369 3495 quidquid

177 3519 289 3583 annuit
312 3540 383 3584 cum
407 3540 444 3584 eo
467 3519 601 3604 perficit.
626 3518 730 3583 Huius
753 3518 889 3584 vinculis
911 3517 1084 3582 Admetum
1103 3537 1230 3600 quoque
1250 3516 1369 3592 teneri,

176 3648 251 3690 nam
284 3647 460 3711 numquam
493 3647 623 3690 uxorem
646 3624 784 3689 lacrimis
807 3624 849 3688 ab
872 3623 981 3687 inferis
1005 3623 1144 3687 reducet.
1164 3622 1205 3686 In
1228 3621 1294 3686 fine
1317 3630 1368 3685 ta-

102 3742 107 3750 '
177 3753 250 3796 men
274 3732 427 3795 dramatis
450 3753 519 3795 eam
540 3730 695 3795 Hercules
715 3730 847 3807 liberat,
872 3732 957 3814 quod
981 3728 1123 3814 profecto
1147 3730 1275 3813 pugnat
1295 3749 1368 3791 cum

175 3836 261 3901 illius
282 3837 424 3901 numinis
435 3839 552 3901 natura
563 3836 693 3903 invicta.
711 3834 772 3901 Sed
785 3856 857 3900 cum
870 3835 1007 3900 Alcestis
1017 3834 1126 3898 fabula
1138 3834 1207 3898 vice
1218 3833 1370 3897 dramatis

176 3943 307 4027 satyrici
341 3944 452 4007 functa
482 3944 542 4020 sit,
574 3942 657 4006 nihil
687 3942 784 4006 habet
810 3940 996 4005 offensionis
1018 3940 1104 4024 quod
1128 3941 1223 4023 poeta
1244 3960 1369 4002 summa

177 4048 322 4133 fingendi
343 4049 473 4115 licentia
495 4048 604 4113 omnia
627 4047 805 4112 confundit.
830 4046 891 4111 Sed
914 4046 1024 4111 eadem
1047 4066 1141 4109 causa
1164 4045 1273 4107 obstat
1287 4065 1368 4128 quo-

177 4156 282 4220 minus
313 4158 416 4220 totam
439 4155 499 4220 fati
523 4153 848 4232 administrationem,
875 4152 979 4237 qualis
1002 4150 1119 4215 hocin
1143 4151 1286 4213 dramate
1309 4149 1369 4213 diis

179 4340 362 4359 —·-·—··-

209 4443 237 4508 1)
256 4444 287 4493 ln
305 4441 443 4492 nmatione
459 4441 544 4491 mortis
560 4437 704 4505 Sarpedonis
721 4436 782 4502 (vid.
799 4454 839 4503 pg.
858 4436 891 4487 88
908 4439 970 4498 not.)
986 4439 1011 4486 et
1025 4435 1145 4487 malornm
1158 4431 1242 4483 Croesi
1256 4433 1312 4493 (rid.
1328 4446 1367 4497 pg.

177 4526 209 4572 88
226 4528 276 4573 not.
295 4525 332 4588 4).
1230 4598 1244 4649 7
