3250 5217
753 414 795 478 29

173 594 354 679 saepissime
376 594 570 679 vituperavit
589 597 621 659 et
641 595 681 658 ab
701 615 738 658 ea
756 594 896 658 vicissim
916 616 1091 680 numquam
1110 595 1286 661 honoratus
1310 602 1368 664 est.

218 701 322 766 Nemo
354 701 467 765 melius
498 723 594 785 quam
617 701 684 785 ipse
707 699 880 785 Sophocles
902 701 1029 766 notavit
1051 702 1266 767 diversitatem
1289 705 1368 769 artis

175 830 248 873 suae
272 812 304 873 et
327 807 525 892 Euripideae.
549 806 637 872 Nota
660 811 736 872 sunt
759 807 826 871 cius
846 808 943 871 verba
955 804 1106 893 ¹):arirtc
1120 811 1176 884 μὲν
1189 807 1367 889 ἀνθρώπους

174 912 248 986 οἵους
274 913 321 978 δεῖ
342 916 434 990 ποιῶ,
458 914 621 992 Εὐριπίδης
648 914 678 977 u
703 908 753 976 οἶοι
775 916 861 977 εἰσίν.
885 903 970 979 Sunt
979 912 1114 979 fortasse
1126 915 1182 998 qui
1194 918 1368 982 secundum

173 1022 258 1087 hanc
278 1021 470 1086 sententiam
490 1023 547 1085 aut
564 1020 651 1085 hunc
663 1024 720 1084 aut
730 1020 824 1084 illum
836 1042 966 1105 prorsus
977 1021 1194 1085 damnandum
1208 1029 1366 1090 censeant.

174 1128 266 1205 Quod
295 1147 355 1212 ego
385 1127 483 1211 longe
514 1127 632 1210 rejicio.
665 1125 753 1191 Licet
788 1150 864 1192 sane
898 1128 1069 1212 uuicuique
1103 1129 1136 1192 id
1174 1150 1274 1213 genus
1309 1129 1370 1194 sibi

174 1236 308 1319 eligere,
345 1254 407 1319 quo
431 1234 567 1297 maxime
592 1234 783 1311 delectatur,
806 1233 880 1297 odio
904 1255 978 1299 vcro
1003 1234 1082 1298 mihi
1106 1234 1197 1319 digni
1220 1236 1370 1302 videntur

173 1342 229 1426 qui
255 1363 273 1404 e
302 1340 428 1423 tripode
450 1340 663 1424 pronuntient
685 1344 785 1403 artem
809 1362 966 1404 summam
989 1340 1039 1404 his
1064 1340 1168 1404 illisve
1191 1343 1367 1426 praesepiis

172 1449 361 1524 terminari,
382 1457 487 1512 cetera
508 1446 599 1511 flocci
622 1467 689 1511 non
712 1447 866 1513 facienda.

219 1553 312 1630 Quod
330 1555 365 1618 in
389 1555 584 1640 tragicorum
608 1552 803 1620 Graecorum
828 1555 1065 1638 comparatione
1083 1577 1181 1639 quum
1201 1555 1368 1620 Aristo-

173 1661 306 1745 phani
329 1661 505 1725 condonari
527 1661 644 1745 possit,
670 1660 720 1725 cui
744 1659 834 1724 nulla
854 1664 1035 1745 suppeteret
1054 1661 1187 1725 scientia
1209 1662 1368 1726 variorum

171 1766 338 1832 literarum
370 1790 541 1853 generum,
574 1807 615 1816 —
647 1768 681 1831 in
712 1767 942 1832 recentioribus
973 1768 1066 1832 valde
1097 1768 1249 1846 offendit,
1279 1769 1370 1853 quasi

170 1871 326 1957 ignorent
359 1897 516 1939 summam
549 1874 675 1938 laudem
706 1874 740 1937 in
772 1874 882 1937 eadem
915 1877 983 1937 arte
1013 1873 1233 1939 diversissimis
1266 1876 1370 1939 modis

171 1982 359 2045 consecutos
390 2002 456 2045 esse
486 1981 624 2065 tragicos
651 1979 787 2045 Graecos
819 1982 851 2043 et
882 1978 1132 2063 Shalrespereum
1166 1981 1369 2065 tragicosque

173 2084 362 2153 Germanos.

220 2190 305 2259 Nam
340 2193 367 2258 si
401 2193 581 2258 universam
611 2191 809 2276 tragoediam
840 2193 982 2274 spectas,
1013 2192 1157 2276 profecto
1180 2214 1247 2257 non
1266 2194 1370 2258 solum

172 2302 285 2366 herotis
311 2299 375 2364 lato
399 2301 456 2363 aut
479 2320 571 2364 caeco
595 2319 700 2363 errore
723 2300 893 2382 pereuntes
916 2301 1024 2382 aptam
1048 2299 1258 2383 suppeditant
1271 2303 1369 2363 mate·

172 2408 271 2485 riem,
302 2406 357 2471 sed
387 2405 483 2471 etiam
515 2404 661 2470 homines
691 2406 791 2468 animi
814 2405 1110 2490 perturbationibus
1134 2409 1166 2469 et
1190 2406 1368 2471 affectioni·

171 2515 234 2578 bus
257 2513 320 2577 huc
342 2514 419 2577 illuc
437 2512 561 2598 jactati.
585 2511 667 2576 Illud
693 2512 863 2596 grandius,
885 2512 946 2576 hoc
965 2511 1132 2589 humilius,
1153 2512 1208 2576 sed
1228 2512 1371 2596 proiecto

173 2642 242 2684 non
267 2621 373 2684 minus
392 2618 567 2703 tragicum3
589 2621 752 2703 praeterea
772 2618 865 2682 nobis
885 2619 992 2702 potius
1012 2619 1218 2701 gaudendum
1232 2620 1370 2684 astartis

173 2726 380 2790 varietate
402 2725 535 2809 perinde
553 2746 590 2789 ac
610 2729 745 2789 naturae
763 2724 947 2788 diversitate
968 2714 1173 2790 delectamur.
1194 2723 1370 2789 Humilita-

173 2835 242 2895 tem
260 2832 350 2896 illam
366 2834 513 2916 spectant
532 2833 565 2895 et
583 2830 645 2893 alia
663 2829 891 2914 Aristophanis
912 2829 1047 2895 crimina
1059 2828 1085 2916 ⁹)
1098 2832 1131 2893 et
1141 2829 1245 2895 irrisio
1257 2852 1370 2915 regum

146 2967 148 2970 ’
174 2937 425 3003 claudicantium
445 2942 477 3003 et
496 2936 719 3023 squalentium.
741 2936 833 3012 Quod
850 2937 877 3000 si
895 2936 1045 3021 autiquae
1057 2936 1239 3020 tragoediae
1250 2938 1371 3022 regulis

173 3044 337 3123 metiaris,
360 3044 450 3110 vitio·
472 3047 537 3121 est3
567 3081 610 3091 —
637 3043 861 3127 reputantibus
885 3062 958 3107 vero
982 3046 1111 3126 poetam
1134 3047 1372 3127 repraesentare

174 3150 343 3216 hominum
367 3151 497 3215 affectus
517 3153 550 3214 et
570 3171 659 3214 assus
680 3144 731 3214 olor
751 3148 845 3226 siria,
866 3170 933 3213 non
954 3152 1022 3212 tam
1042 3148 1107 3212 acri
1128 3148 1372 3233 reprehensione

175 3256 313 3341 dignum
331 3260 438 3341 potest
456 3256 557 3321 videri
576 3257 662 3340 quod
682 3255 866 3333 Menelaus,
889 3256 945 3339 qui
957 3276 1061 3339 nuper
1072 3254 1276 3339 naufragium
1287 3255 1372 3322 fece·

175 3362 238 3441 rit,
270 3382 336 3426 non
367 3363 486 3427 incedit
516 3362 683 3447 splendida
708 3364 793 3427 veste
816 3361 1024 3446 conspicuus3
1049 3362 1134 3446 quod
1157 3361 1371 3447 Bellerophon

176 3468 233 3553 qui
257 3470 295 3531 de
318 3468 404 3532 coelo
429 3468 580 3533 deciderit
604 3489 735 3552 corpore
758 3468 894 3533 laborat.
919 3466 1007 3543 Quae
1028 3468 1373 3533 omniadummodone

175 3573 343 3645 ridiculam
373 3574 548 3658 praebeant
573 3574 710 3659 speciem
733 3574 814 3639 bene
839 3575 1079 3639 accommodata
1104 3577 1243 3640 suntad
1266 3574 1370 3639 incul-

176 3682 311 3745 candam
334 3681 564 3766 spectatoribus
592 3679 756 3765 potentiae
787 3684 820 3745 et
841 3680 1005 3745 felicitatis
1028 3680 1136 3765 regiae
1161 3680 1372 3766 fragilitatem

177 3788 212 3851 et
233 3786 408 3852 vanitatem
420 3787 458 3872 ³).
1390 3818 1394 3821 ·

212 4040 239 4104 1)
256 4040 326 4105 Apud
343 4037 444 4088 Aristot.
461 4042 525 4105 poet.
544 4056 565 4089 o.
583 4039 624 4090 25.
640 4056 680 4106 pg.
698 4042 764 4091 1460
773 4039 796 4091 b.

211 4122 240 4186 2)
259 4122 328 4183 Quae
345 4120 425 4170 omnia
440 4122 560 4173 ordinavit
577 4126 602 4172 at
619 4125 737 4173 recensuit
752 4140 774 4174 v.
792 4123 863 4173 clv.
880 4124 995 4173 leanvan
1011 4123 1105 4174 timu.
1122 4140 1194 4191 supra
1211 4123 1314 4176 laudata

212 4206 239 4266 3)
257 4203 354 4252 Priores
371 4203 457 4267 tragici
474 4220 529 4254 raro
545 4206 575 4254 ad
592 4222 644 4255 eum
661 4206 756 4255 habitus
770 4209 794 4255 et
802 4206 948 4255 condicionis
957 4206 1120 4257 humilitatem
1129 4209 1306 4269 descendebant,
1316 4209 1373 4273 quia

178 4301 226 4335 non
247 4285 357 4351 vulgares
381 4285 498 4337 eiusmodi
520 4304 587 4339 caune
609 4288 776 4354 producebant.
800 4288 929 4353 Sophocles
946 4291 1027 4338 tamen
1044 4293 1142 4339 externa
1159 4291 1268 4340 mneriae
1285 4292 1373 4341 indicia

179 4383 226 4417 non
243 4368 385 4434 repudiavit.
403 4369 509 4435 Oedipus
525 4386 626 4435 quoque,
644 4374 768 4436 postquam
785 4386 809 4419 sc
826 4370 876 4435 ipse
893 4370 1017 4420 oculorum
1035 4372 1084 4421 acie
1101 4372 1220 4438 spoliavit,
1235 4374 1261 4423 in
1277 4389 1372 4424 socnam

179 4450 242 4499 redit
257 4454 282 4499 ct
298 4451 324 4499 in
341 4451 418 4501 altura
433 4452 557 4516 tragoedia
572 4451 601 4501 ab
616 4452 688 4502 initio
697 4452 1121 4517 usqueadfincminsccnavaraatur
1129 4470 1211 4505 caccus
1226 4455 1373 4521 etprausidii

181 4532 278 4597 opisque
295 4549 372 4598 agana
399 4535 454 4585 Hac
469 4535 495 4585 in
513 4551 539 4585 re
555 4539 636 4585 tarum
651 4535 747 4585 concaffi
763 4538 843 4601 potest
859 4551 939 4585 acuum
955 4535 1047 4586 lumina
1064 4536 1174 4587 orbatum
1187 4538 1242 4603 plus
1249 4536 1376 4601 diguitatis
