3250 5217
789 440 852 507 188

222 625 350 706 quando
380 623 419 689 iis
441 624 642 691 maledixerit
655 610 693 715 l).
715 623 813 711 Apud
836 611 1015 690 Homerum
1038 623 1187 689 Minerva
1209 625 1244 690 in
1269 624 1409 711 Odyssea

224 728 312 813 (XV.
334 730 390 817 20)
410 730 547 797 affirmat
565 730 717 797 feminam
738 732 820 797 nihil
839 752 948 797 curare
966 730 1082 796 liberos
1102 732 1314 817 maritumque
1326 753 1414 798 mor-

224 836 334 914 tuum,
354 837 486 903 simulac
505 838 584 903 alius
603 840 760 925 quispiam
777 861 846 903 eam
861 860 988 904 uxorem
1001 840 1116 903 ducere
1129 839 1206 903 velit
1217 861 1225 917 ;
1237 837 1412 923 Agamem·

224 963 291 1007 nou
321 944 357 1008 in
379 943 489 1010 inferis
512 944 658 1030 Ulyssem
681 946 721 1011 de
741 968 798 1011 sua
817 967 894 1011 nece
914 945 1079 1010 certiorem
1101 943 1221 1010 faciens
1241 944 1414 1012 exclamat:

359 1052 397 1123 ὥς
421 1053 474 1117 οὐκ
498 1050 647 1133 αἰνότερον
670 1052 723 1117 καὶ
749 1054 886 1132 κύντερον
909 1050 989 1117 ἄλλο
1013 1049 1157 1130 γυναικός
1170 1050 1231 1137 (XI
1245 1051 1342 1136 427),
1421 1086 1425 1095 ’

225 1159 394 1242 monetque
417 1179 458 1222 ne
481 1159 552 1243 quis
575 1180 650 1245 erga
674 1180 805 1225 uxorem
828 1160 926 1225 comis
944 1159 986 1224 sit
1006 1180 1086 1223 nere
1105 1158 1213 1223 omnia
1233 1180 1314 1243 quae
1333 1160 1413 1224 sciat

223 1283 296 1327 cum
326 1284 364 1328 ee
395 1265 624 1343 communicet,
655 1288 766 1331 verum
798 1266 954 1331 nonnulla
976 1265 1058 1331 celet
1069 1263 1107 1351 ¹).
1140 1264 1299 1331 Hesiodus
1322 1265 1414 1331 femi·
1468 1306 1477 1329 .

223 1389 338 1432 narum
369 1370 524 1455 originem
556 1356 587 1435 a
606 1371 754 1436 Pandora
777 1375 915 1449 ducem,
939 1374 1037 1438 altere
1059 1358 1154 1450 Ενιι,
1170 1371 1307 1457 (Theog.
1334 1373 1423 1459 591)

225 1496 277 1539 eas
307 1480 401 1541 vocat
432 1477 532 1543 ὃλώϊον
564 1478 669 1564 γένος,
702 1501 782 1564 quae
806 1487 901 1555 σῆμα
925 1478 1013 1557 μέγα
1040 1479 1168 1553 θνητοῖσι
1192 1480 1266 1556 μετ’
1290 1478 1414 1566 οἱνδροὶσι

225 1580 430 1662 ναιετάουσιν,
458 1590 684 1671 comparatque
707 1584 787 1651 fucis
810 1586 966 1650 inertibus
989 1585 1044 1670 qui
1067 1585 1164 1651 alieni
1186 1585 1306 1650 laboris
1328 1585 1415 1651 fruc·

224 1690 294 1751 tum
317 1694 526 1767 consumunt;
551 1692 628 1755 alibi
652 1693 759 1776 (Oper.
782 1692 862 1778 375)
883 1692 937 1776 qui
956 1691 1081 1755 feminis
1101 1690 1181 1755 fidat
1200 1712 1273 1755 eum
1292 1690 1416 1756 furibus

223 1793 320 1859 fidere
344 1795 430 1860 dicit.
457 1796 561 1862 Notae
585 1801 661 1863 sunt
683 1797 855 1863 Simonidis
876 1797 1047 1882 Amorgiui
1066 1802 1209 1881 satyrae,
1230 1797 1413 1863 Archilochi

224 1899 501 1988 Hipponactisque
516 1904 542 1991 3)
573 1904 721 1971 convitia.
755 1904 865 1990 Neque
894 1902 1070 1989 Aeschylus
1105 1905 1286 1968 reverenter
1316 1906 1355 1967 de
1377 1904 1417 1968 iis

224 2007 383 2091 loquitur;
407 2010 479 2073 vide
511 2011 603 2075 modo
618 2010 767 2093 ¹Eteoclis
790 2010 942 2095 eborique
966 2010 1205 2075 altercationem
1229 2009 1264 2073 in
1287 2008 1416 2094 Septem
1480 2008 1483 2011 ’

225 2114 447 2202 (art-270),
472 2120 504 2180 et
525 2118 658 2182 observa
681 2121 803 2203 quante
827 2140 899 2183 cum
923 2116 1121 2181 dubitatione
1144 2137 1199 2180 rex
1221 2114 1416 2200 Argivorum

224 2221 259 2285 in
282 2219 485 2306 Supplicibus
509 2225 683 2289 constituet
706 2228 743 2289 ut
767 2225 826 2289 viri
849 2246 906 2310 pro
926 2224 1112 2288 mulieribus
1131 2222 1286 2308 proelium
1305 2223 1418 2287 ineant

224 2327 302 2411 (476
327 2329 398 2414 sq).
423 2327 588 2414 Sophoclis
611 2352 737 2416 quoque
760 2331 839 2397 haec
859 2335 987 2396 exstant
1006 2331 1188 2413 fragmenta
1207 2327 1318 2415 (Dind.
1334 2329 1418 2406 1973

225 2455 274 2517 ap.
299 2432 387 2499 Stob.
414 2436 466 2502 73.
492 2435 567 2522 51):

450 2542 1198 2610 amfflmwffimfflh

381 2704 382 2708 ,
454 2650 618 2735 γυναικὸς,
641 2650 669 2717 εἴ
691 2676 720 2716 τι
745 2660 838 2728 τῆμα
863 2653 1009 2730 γίγνεται
1033 2652 1164 2729 βροτοῖο.

224 2760 256 2820 et
277 2740 387 2841 (Dind.
413 2756 496 2842 6943
522 2779 571 2842 ap.
598 2754 691 2824 Phot.
717 2758 802 2824 Bibl.
826 2781 858 2843 p.
884 2758 969 2842 530,
997 2757 1069 2843 15):

484 2859 582 2945 ὅρκους
609 2865 668 2942 ἐγὼ
693 2864 838 2943 γυναικὸς
863 2865 905 2935 εἷς
929 2863 1005 2941 ὕδωρ
1028 2861 1153 2943 γράφω.

223 2967 367 3034 Socrates
386 2970 573 3036 Platonicus
589 2972 759 3037 incarcere
771 2993 903 3037 uxorem
915 2971 1136 3036 lacrimantem
1149 2969 1217 3032 sine
1231 2968 1296 3033 ullo
1308 2968 1418 3032 dolore

259 3270 284 3334 1)
305 3270 416 3321 Concedo
430 3271 502 3320 etiem
518 3271 545 3321 in
562 3276 695 3323 ceterarum
712 3273 820 3343 gentium
838 3272 916 3322 literis
933 3288 947 3320 ιι
963 3270 1025 3320 libro
1043 3272 1161 3320 Genescos
1178 3284 1252 3333 usquc
1269 3282 1351 3317 sexum
1367 3281 1419 3316 mu·

224 3353 323 3403 liebrem
339 3354 401 3403 mele
418 3354 508 3403 audire.
525 3354 620 3403 Scilicet
638 3354 696 3403 olim
710 3354 751 3418 qui
766 3353 840 3403 libros
853 3353 987 3403 scribebant
1000 3352 1047 3401 viri
1061 3355 1138 3401 eraut.
1153 3351 1179 3401 Si
1193 3351 1220 3400 in
1235 3350 1312 3399 literis
1326 3362 1419 3413 semper

224 3452 298 3501 aeque
321 3436 404 3487 fuisset
428 3436 556 3487 mulierum
582 3437 723 3495 auctoritas,
750 3436 835 3502 procul
860 3436 933 3486 dubio
959 3450 1006 3485 nou
1030 3434 1133 3483 rariores
1155 3434 1288 3498 legeremus
1311 3431 1418 3480 virorum

223 3520 422 3586 reprehensiones.
439 3520 467 3569 Id
480 3519 606 3584 Euripides
621 3534 714 3584 quoque
729 3518 823 3568 notavit
837 3520 862 3568 in
879 3520 978 3577 Medea,
996 3517 1037 3567 ubi
1053 3514 1418 3567 choruemuliernmheeccsnit
1441 3550 1444 3553 <

226 3602 314 3667 (saep
477 3598 504 3651 ot
520 3602 570 3664 γὰρ
588 3598 613 3651 ἐν
630 3598 743 3667 ιῖμετέρμ
760 3598 851 3667 γνώμρι
869 3598 945 3662 λύρας

475 3680 562 3733 οὔτασε
579 3681 664 3732 έέστιν
681 3680 766 3731 ἀοιδὰν

475 3767 577 3827 Φοῖβος,
595 3764 697 3828 οἱγιέτνιρ
714 3763 823 3827 μελέων·
842 3761 898 3814 ἐπεὶ
913 3764 1043 3829 ἀντέχιρσθ
1061 3763 1091 3813 ἂν
1109 3763 1183 3824 ὕμνον

474 3845 580 3910 ἀρσένοιν
597 3844 679 3914 γέννμ.

258 3930 379 3993 Aristoph.
396 3929 490 3981 Theem.
504 3929 553 3982 786
568 3930 703 3979 luculenter
715 3930 805 3979 indicat
818 3930 844 3979 in
859 3945 931 3994 quem
946 3929 1009 3980 male
1022 3927 1198 3978 existimatione
1212 3929 1290 3976 essent
1303 3925 1418 3975 feminee:

405 4011 486 4060 καίτοι
505 4015 556 4069 τοῖς
572 4028 613 4070 τις
630 4012 660 4060 τὸ
680 4014 820 4073 γυναικεῖον
839 4014 918 4075 φῦλον
937 4012 1003 4060 κακὰ
1020 4010 1098 4059 πολλ’
1117 4006 1246 4072 ἀγορεύει,

407 4092 439 4152 οὓς
456 4097 505 4142 τᾶν
523 4090 600 4154 έσμὶν
618 4094 692 4142 nanee
708 4090 841 4155 ἀνθρώποις
858 4092 906 4158 κάξ
923 4091 990 4154 ἡμῶν
1008 4089 1078 4141 ἐστιν
1095 4091 1211 4147 ἅπαντα,

405 4173 494 4237 tertre,
513 4175 591 4233 νιέιιν,
610 4174 703 4233 στάσις
721 4173 851 4238 ἀργαλέα,
871 4172 951 4233 λέπη,
969 4176 1087 4236 πόλεμος.

255 4260 283 4325 2)
305 4259 336 4309 Ιιι
358 4259 434 4309 Πὶιιὶο
457 4258 538 4308 nullae
565 4260 615 4308 iere
631 4258 761 4308 mulierum
779 4259 973 4324 reprehensiones
990 4258 1103 4322 leguntur
1119 4259 1191 4318 (tecte
1210 4255 1268 4304 XIX
1288 4254 1357 4319 301).
1383 4254 1407 4303 N

224 4341 316 4392 Helene
333 4341 442 4405 quidem,
462 4340 570 4391 omnium
588 4341 706 4390 melorum
724 4356 809 4399 causa,
828 4356 941 4405 umquam
958 4340 1110 4405 vituperatur
1126 4337 1172 4388 nisi
1189 4354 1203 4387 e
1220 4353 1245 4386 se
1261 4336 1320 4401 iper.

258 4423 285 4485 3)
303 4423 357 4477 vid.
373 4426 429 4473 autc
446 4422 525 4472 omniu
542 4423 587 4472 hoc
603 4423 633 4472 ir.
654 4422 703 4489 (ep.
723 4424 812 4487 Bergk.
836 4424 893 4488 alb:

542 4504 583 4556 δύ’
601 4503 688 4567 ἡμέραι
705 4507 823 4569 γυναικός
844 4504 906 4554 εἰσιν
925 4502 1042 4562 ἥδισται,

541 4586 601 4636 ὅταν
617 4590 689 4650 γαμῇ
708 4604 749 4645 τις
766 4583 875 4649 ιιιίιιφέρρ
895 4585 1043 4643 τεθνηκυῖαν.
