3250 5217
760 430 803 499 85

189 613 238 693 (Il.
270 612 330 679 Ill.
360 614 561 701 ece-417).
594 613 776 681 Cavendum
806 619 915 680 tamen
949 617 997 680 est
1027 636 1068 680 ne
1098 614 1182 680 hanc
1216 614 1373 678 rationem

185 720 312 805 culpam
343 719 495 785 scelernm
518 742 538 785 a
561 721 669 785 diuina
693 721 882 785 auctoritate
904 720 1067 805 repetendi
1089 720 1230 785 moribus
1255 740 1370 804 aequa·

184 825 263 890 lium
286 828 548 912 posterorumque
570 828 707 892 multum
731 828 875 892 nocuisse
898 827 1072 891 credamus.
1097 825 1186 891 Alibi
1211 826 1294 891 enim
1319 846 1372 889 eos

186 932 242 1016 qui
260 932 477 998 malefecerint
495 934 636 1016 graviter
654 933 829 1019 culpandos
849 956 915 999 esse
935 938 968 999 et
990 933 1051 1019 ipsi
1063 933 1206 998 sentiunt
1216 935 1250 997 et
1258 930 1373 1016 reliqui

188 1038 287 1119 (uelut
309 1037 347 1103 Il.
370 1038 425 1104 VI.
446 1040 512 1105 344
532 1041 626 1127 sqq).
647 1039 717 1115 Qua
737 1041 775 1106 de
792 1063 827 1105 re
842 1041 877 1105 in
889 1039 1030 1125 Odyssea
1042 1038 1081 1126 (Ι.
1096 1040 1139 1105 32
1151 1039 1234 1125 sqq.)
1245 1037 1372 1122 Jupiter

187 1146 352 1210 utilissime
383 1149 519 1211 testatur
540 1147 660 1232 injuria
682 1147 827 1211 homines
851 1148 1007 1212 malorum
1030 1168 1161 1211 suorum
1185 1145 1311 1230 culpam
1337 1144 1372 1208 in

185 1252 260 1317 deos
279 1252 430 1318 conferre.
450 1251 516 1318 Eos
534 1254 618 1318 enim
637 1254 701 1319 suis
719 1255 861 1339 ipsorum
881 1254 1050 1319 sceleribus
1069 1254 1182 1339 perire.
1202 1252 1242 1317 In
1258 1249 1371 1337 Odyss.

188 1356 327 1444 Olympii
357 1360 489 1425 omnino
518 1360 619 1426 multo
650 1361 751 1425 rarius
780 1382 877 1445 quam
901 1361 936 1424 in
958 1361 998 1426 ll.
1021 1361 1112 1445 pravi
1135 1358 1372 1445 producuntur,

187 1466 352 1550 multoque
374 1466 498 1552 saepius
516 1467 611 1552 justis
634 1470 742 1532 adesse
766 1468 927 1552 malosque
951 1468 1080 1551 perdere
1103 1466 1252 1530 dicuntur
1267 1464 1309 1551 ¹),
1328 1463 1374 1528 ita

188 1576 225 1637 ut
247 1573 377 1638 Laertes
400 1576 562 1657 comperta
584 1593 773 1657 sponsorum
797 1577 890 1639 caede
913 1574 1068 1638 exclamet
1087 1572 1220 1660 (XXIV.
1235 1570 1313 1656 351)
1326 1569 1370 1655 ²):

282 1682 341 1743 Ζεῦ
367 1676 483 1757 πάτερ,
507 1676 526 1754 ἦ
550 1676 597 1758 ἄρ’
622 1675 665 1744 ἔτ’
690 1679 758 1745 ἔστε
780 1680 837 1745 decl
862 1680 947 1745 rarat
970 1679 1087 1759 μακρὸν
1106 1682 1295 1756 Ὄλυμπον,

283 1788 308 1851 εἰ
333 1784 415 1850 ἐτεὸν
439 1791 608 1864 μνηστῆρες
633 1786 810 1852 eracleus
834 1783 920 1865 ὕβριν
946 1785 1061 1853 ἔτισαν.

232 1891 298 1957 Vix
329 1913 409 1975 opus
439 1893 487 1956 est
509 1913 637 1957 monere
661 1892 778 1977 ubique
800 1893 890 1977 pium
914 1895 1043 1957 deorum
1068 1892 1189 1958 cultum
1213 1911 1374 1956 commen·

189 1996 266 2063 deri.
292 1996 396 2084 Siquis
419 1997 458 2063 iis
481 2001 589 2084 paret,
614 1998 642 2063 ei
664 1998 776 2064 favent
797 1998 849 2086 (ΙΙ.
874 1997 900 2065 Ι.
926 1999 1014 2085 218).
1039 1998 1151 2064 Insani
1173 2000 1221 2062 est
1244 2018 1315 2062 cum
1335 1996 1375 2061 iis

188 2124 346 2189 pugnare3
373 2104 581 2189 nequeenim
605 2104 770 2191 Lycurgus
793 2106 848 2170 diu
872 2104 969 2182 vixit,
990 2105 1045 2190 qui
1065 2104 1105 2169 iis
1124 2102 1375 2169 resistereeusus

189 2213 271 2275 esset
304 2208 355 2296 (ll.
387 2209 441 2275 vl.
480 2212 543 2275 130
567 2212 667 2297 sqq),
702 2215 798 2296 atque
828 2210 911 2276 Aiax
943 2208 1051 2275 Oileus
1082 2231 1154 2275 cum
1185 2209 1375 2294 gloriaretur

188 2316 341 2382 scotiam
364 2315 424 2381 diis
447 2316 557 2384 invitis
581 2317 678 2382 maris
700 2318 840 2403 periculo
863 2338 1030 2382 evasurum
1055 2338 1137 2395 esse,
1156 2315 1303 2401 protinus
1321 2314 1374 2379 in·

187 2423 274 2488 teriit
297 2421 370 2509 (οἀ.
394 2421 453 2489 IV.
477 2422 543 2488 504
566 2426 659 2510 sqq).

233 2529 387 2596 Videmus
420 2529 519 2614 igitur
545 2530 613 2615 jam
643 2531 872 2617 antiquissimis
903 2531 1098 2615 temporibus
1128 2529 1274 2594 homines
1297 2528 1375 2593 duce

189 2636 312 2700 ratione
327 2639 367 2703 et
390 2636 568 2702 sanctitatis
591 2636 722 2702 notione
740 2638 880 2702 naturali
905 2658 971 2701 non
988 2636 1090 2702 solum
1111 2636 1172 2701 diis
1190 2635 1375 2721 praefecisse

189 2764 309 2807 numen
329 2742 472 2827 superius
492 2747 643 2808 constans
661 2747 694 2808 et
705 2744 942 2828 incorruptum,
955 2746 1009 2809 sed
1021 2744 1116 2808 etiam
1128 2743 1168 2808 iis
1178 2743 1256 2826 ipsis
1268 2741 1376 2827 paucis
1479 2748 1481 2752 ’

188 2846 223 2912 in
240 2848 335 2913 rebus
354 2848 536 2914 attribuisse
554 2870 678 2914 morum
699 2872 883 2929 censuram,
901 2872 983 2936 quae
1001 2850 1096 2915 initio
1115 2871 1182 2915 non
1201 2850 1377 2934 pertineret

189 2954 228 3039 ed
251 2974 360 3020 eorum
384 2958 541 3021 naturam.
919 2955 922 2961 ’

233 3059 358 3125 Exinde
387 3061 514 3147 Jupiter
535 3063 571 3126 in
594 3066 781 3148 perpetuum
805 3066 915 3129 manet
938 3063 1069 3149 perjurii
1092 3062 1196 3142 ultor,
1220 3064 1376 3147 patronus

188 3166 366 3253 supplicum
397 3172 430 3234 et
460 3169 633 3253 hospitum.
665 3169 726 3235 Sed
760 3172 793 3235 et
827 3170 890 3235 alia
924 3169 1031 3235 officia
1066 3169 1094 3234 ei
1122 3168 1207 3234 fiunt
1235 3168 1373 3254 propria.

188 3270 291 3358 Supra
317 3273 474 3353 indicavi,
505 3296 569 3361 quo
600 3275 702 3359 magis
725 3276 946 3341 emendaretur
970 3274 1163 3341 conscientia
1185 3273 1314 3339 moralis
1337 3294 1375 3339 eo

187 3379 279 3463 plura
310 3402 442 3445 munera
471 3381 505 3446 in
538 3382 613 3446 deos
642 3402 708 3447 esse
739 3381 864 3447 collata.
895 3379 992 3467 Apud
1023 3380 1251 3446 Hesiodum
1283 3400 1374 3466 mag-

188 3506 247 3550 nos
284 3486 352 3570 jam
385 3486 575 3573 percipimus
611 3509 804 3574 progressus.
850 3487 1001 3554 Universe
1035 3488 1109 3553 deos
1143 3486 1375 3553 testificabatur

190 3611 255 3655 csse
284 3590 440 3657 malorum
463 3595 654 3678 perditores,
677 3595 834 3660 bonorum
857 3599 1018 3680 patronos.
1042 3592 1153 3660 Justos
1175 3591 1302 3679 Jupiter
1324 3592 1373 3659 lo·

189 3697 330 3782 cuplatat
358 3698 450 3765 laetis
481 3701 634 3766 messibus
663 3702 846 3787 pecorisque
875 3701 1070 3767 fecunditate
1093 3700 1225 3787 (⁹an
1239 3724 1268 3768 κ.
1299 3703 1374 3778 Ἢμ.

189 3804 253 3870 230
288 3826 369 3891 sqq„
402 3807 467 3873 280
498 3809 579 3893 sq),
606 3808 743 3894 injustos
774 3830 849 3874 vero
880 3807 1025 3874 funditus
1056 3806 1162 3892 perdit
1191 3806 1311 3873 morbis
1340 3811 1374 3873 et

187 3930 336 3997 agrorum
370 3914 536 3981 sterilitate
567 3915 657 3989 (ibid.
692 3917 755 3981 241
782 3938 863 4001 flqqo
895 3916 958 3982 281
984 3916 1087 4002 sqq.);
1119 3915 1255 4000 triginta
1285 3912 1374 3979 milia

192 4077 378 4091 *κέ-ι·-

187 4164 277 4215 oonseri
299 4168 385 4231 potest.
408 4167 442 4216 lt
463 4166 606 4233 posteriores
628 4167 712 4219 Graeci
734 4167 781 4234 ipsi
805 4184 879 4233 umus
895 4170 925 4219 sd
941 4170 1051 4234 tempora
1067 4166 1229 4218 Alexandrino
1245 4166 1375 4217 Homerico

187 4246 267 4297 omnia
282 4248 385 4313 genuino
401 4250 520 4299 duxerunt
536 4253 560 4299 et
576 4250 644 4315 quusi
660 4266 721 4317 puro
738 4252 803 4301 fonte
821 4250 981 4317 mythologice
997 4252 1028 4300 iis
1045 4250 1083 4300 uri
1098 4253 1163 4301 runt.

221 4331 247 4392 l)
264 4330 377 4381 Minerva
400 4331 452 4397 ipsc
466 4332 528 4382 Jove
544 4336 665 4383 manente
680 4333 809 4398 perniciem
828 4349 912 4384 corum
928 4333 1091 4384 Ithacensium
1110 4336 1194 4399 porat,
1211 4332 1253 4397 qni
1269 4331 1374 4383 euenor

186 4410 301 4479 principis
317 4412 386 4463 obliti
402 4416 484 4473 arsut,
500 4413 608 4479 quemvis
622 4414 819 4466 clementissimus
834 4430 927 4481 sempor
943 4415 1027 4465 luisset
1044 4415 1103 4479 (Od.
1122 4415 1151 4465 V.
1173 4414 1276 4479 7-27).

221 4494 250 4560 2)
266 4496 299 4544 nt
323 4494 363 4545 hio
388 4495 434 4546 od.
456 4495 517 4545 liber
539 4512 587 4546 nou
609 4496 638 4547 ab
658 4497 711 4563 ipro
732 4500 802 4563 poete
824 4497 927 4564 scriptus
947 4496 1051 4550 videtur.
1075 4496 1130 4549 Vid.
1153 4500 1234 4547 cunct.
1258 4497 1320 4546 aad
1335 4512 1377 4563 pg.

187 4591 328 4644 pronmrm.
