<?xml version="1.0" encoding="UTF-8"?>
<!DOCTYPE html PUBLIC "-//W3C//DTD XHTML 1.0 Transitional//EN"
    "http://www.w3.org/TR/xhtml1/DTD/xhtml1-transitional.dtd">
<html xmlns="http://www.w3.org/1999/xhtml" xml:lang="en" lang="en">
 <head>
  <title>
</title>
<meta http-equiv="Content-Type" content="text/html;charset=utf-8" />
  <meta name='ocr-system' content='tesseract 3.04.00' />
  <meta name='ocr-capabilities' content='ocr_page ocr_carea ocr_par ocr_line ocrx_word'/>
</head>
<body>
  <div class='ocr_page' id='page_1' title='image "./commentatiodeeu00unkngoog_0076.png"; bbox 0 0 3250 5217; ppageno 0'>
   <div class='ocr_carea' id='block_1_1' title="bbox 822 420 865 483">
    <p class='ocr_par' dir='ltr' id='par_1_1' title="bbox 822 420 865 483">
     <span class='ocr_line' id='line_1_1' title="bbox 822 420 865 483; baseline 0.023 -1"><span class='ocrx_word' id='word_1_1' title='bbox 822 420 865 483; x_wconf 80' lang='lat'><strong>64</strong></span> 
     </span>
    </p>
   </div>
   <div class='ocr_carea' id='block_1_2' title="bbox 178 595 1445 4189">
    <p class='ocr_par' dir='ltr' id='par_1_2' title="bbox 247 595 1444 3233">
     <span class='ocr_line' id='line_1_2' title="bbox 250 595 1436 688; baseline -0.008 -21"><span class='ocrx_word' id='word_1_2' title='bbox 250 603 360 688; x_wconf 88' lang='lat' dir='ltr'><strong>lapis</strong></span> <span class='ocrx_word' id='word_1_3' title='bbox 383 624 400 667; x_wconf 88' lang='lat' dir='ltr'><strong>e</strong></span> <span class='ocrx_word' id='word_1_4' title='bbox 423 602 508 667; x_wconf 89' lang='lat' dir='ltr'><strong>coelo</strong></span> <span class='ocrx_word' id='word_1_5' title='bbox 529 602 654 666; x_wconf 86' lang='lat' dir='ltr'><strong>decidat</strong></span> <span class='ocrx_word' id='word_1_6' title='bbox 673 622 745 665; x_wconf 89' lang='lat' dir='ltr'><strong>oum</strong></span> <span class='ocrx_word' id='word_1_7' title='bbox 766 600 855 664; x_wconf 78' lang='lat' dir='ltr'><strong>breui</strong></span> <span class='ocrx_word' id='word_1_8' title='bbox 873 599 1010 683; x_wconf 76' lang='lat' dir='ltr'><strong>fragore.</strong></span> <span class='ocrx_word' id='word_1_9' title='bbox 1031 596 1134 673; x_wconf 80' lang='lat' dir='ltr'><strong>Quum</strong></span> <span class='ocrx_word' id='word_1_10' title='bbox 1155 599 1261 661; x_wconf 87' lang='lat' dir='ltr'><strong>antem</strong></span> <span class='ocrx_word' id='word_1_11' title='bbox 1275 595 1436 680; x_wconf 80' lang='lat' dir='ltr'><strong>Diogenes</strong></span> 
     </span>
     <span class='ocr_line' id='line_1_3' title="bbox 250 700 1441 794; baseline -0.009 -19"><span class='ocrx_word' id='word_1_12' title='bbox 250 709 287 775; x_wconf 89' lang='lat' dir='ltr'><strong>L.</strong></span> <span class='ocrx_word' id='word_1_13' title='bbox 317 708 469 794; x_wconf 89' lang='lat' dir='ltr'><strong>placitum</strong></span> <span class='ocrx_word' id='word_1_14' title='bbox 500 708 705 793; x_wconf 81' lang='lat' dir='ltr'><strong>Euripideum</strong></span> <span class='ocrx_word' id='word_1_15' title='bbox 739 706 900 771; x_wconf 87' lang='lat' dir='ltr'><strong>-solem</strong></span> <span class='ocrx_word' id='word_1_16' title='bbox 923 726 990 769; x_wconf 88' lang='lat' dir='ltr'><strong>esse</strong></span> <span class='ocrx_word' id='word_1_17' title='bbox 1013 702 1149 783; x_wconf 71' lang='grc' dir='ltr'><strong><em>χρυσέαν</em></strong></span> <span class='ocrx_word' id='word_1_18' title='bbox 1168 704 1268 781; x_wconf 79' lang='grc' dir='ltr'><strong><em>βῶλον</em></strong></span> <span class='ocrx_word' id='word_1_19' title='bbox 1298 700 1441 765; x_wconf 89' lang='lat' dir='ltr'><strong>-sub-</strong></span> 
     </span>
     <span class='ocr_line' id='line_1_4' title="bbox 247 808 1441 902; baseline -0.007 -23"><span class='ocrx_word' id='word_1_20' title='bbox 247 817 339 902; x_wconf 89' lang='lat' dir='ltr'><strong>jiciat</strong></span> <span class='ocrx_word' id='word_1_21' title='bbox 361 818 395 881; x_wconf 88' lang='lat' dir='ltr'><strong>et</strong></span> <span class='ocrx_word' id='word_1_22' title='bbox 416 818 540 900; x_wconf 88' lang='lat' dir='ltr'><strong>repetat</strong></span> <span class='ocrx_word' id='word_1_23' title='bbox 562 837 581 878; x_wconf 89' lang='lat' dir='ltr'><strong>a</strong></span> <span class='ocrx_word' id='word_1_24' title='bbox 604 814 786 878; x_wconf 89' lang='lat' dir='ltr'><strong>narratione</strong></span> <span class='ocrx_word' id='word_1_25' title='bbox 806 834 870 897; x_wconf 89' lang='lat' dir='ltr'><strong>qua</strong></span> <span class='ocrx_word' id='word_1_26' title='bbox 889 810 1099 896; x_wconf 77' lang='lat' dir='ltr'>Anaxagoras</span> <span class='ocrx_word' id='word_1_27' title='bbox 1118 810 1235 875; x_wconf 91' lang='lat' dir='ltr'><strong>dieitur</strong></span> <span class='ocrx_word' id='word_1_28' title='bbox 1254 808 1368 893; x_wconf 89' lang='lat' dir='ltr'><strong>lapidis</strong></span> <span class='ocrx_word' id='word_1_29' title='bbox 1387 828 1441 872; x_wconf 91' lang='lat' dir='ltr'><strong>ca·</strong></span> 
     </span>
     <span class='ocr_line' id='line_1_5' title="bbox 250 911 1441 1004; baseline -0.007 -18"><span class='ocrx_word' id='word_1_30' title='bbox 250 944 320 987; x_wconf 85' lang='lat' dir='ltr'><strong>aum</strong></span> <span class='ocrx_word' id='word_1_31' title='bbox 351 922 391 986; x_wconf 91' lang='lat' dir='ltr'><strong>de</strong></span> <span class='ocrx_word' id='word_1_32' title='bbox 421 921 486 985; x_wconf 88' lang='lat' dir='ltr'><strong>sole</strong></span> <span class='ocrx_word' id='word_1_33' title='bbox 517 921 601 1004; x_wconf 88' lang='lat' dir='ltr'><strong>apud</strong></span> <span class='ocrx_word' id='word_1_34' title='bbox 631 919 737 1004; x_wconf 81' lang='lat' dir='ltr'><strong>Aegos</strong></span> <span class='ocrx_word' id='word_1_35' title='bbox 765 922 912 1003; x_wconf 89' lang='lat' dir='ltr'><strong>potamos</strong></span> <span class='ocrx_word' id='word_1_36' title='bbox 943 915 1188 1002; x_wconf 79' lang='lat' dir='ltr'><strong>praedixisse¹),</strong></span> <span class='ocrx_word' id='word_1_37' title='bbox 1214 913 1378 980; x_wconf 74' lang='lat' dir='ltr'><strong>concludit</strong></span> <span class='ocrx_word' id='word_1_38' title='bbox 1401 911 1441 978; x_wconf 81' lang='lat' dir='ltr'><strong>G.</strong></span> 
     </span>
     <span class='ocr_line' id='line_1_6' title="bbox 251 1020 1442 1110; baseline -0.008 -18"><span class='ocrx_word' id='word_1_39' title='bbox 251 1028 380 1093; x_wconf 87' lang='lat' dir='ltr'><strong>vocibus</strong></span> <span class='ocrx_word' id='word_1_40' title='bbox 411 1026 531 1110; x_wconf 71' lang='grc' dir='ltr'><strong><em>χρυσέᾳ</em></strong></span> <span class='ocrx_word' id='word_1_41' title='bbox 553 1026 644 1105; x_wconf 79' lang='grc' dir='ltr'><strong><em>βώλῳ</em></strong></span> <span class='ocrx_word' id='word_1_42' title='bbox 668 1026 774 1110; x_wconf 90' lang='lat' dir='ltr'><strong>potius</strong></span> <span class='ocrx_word' id='word_1_43' title='bbox 801 1026 996 1110; x_wconf 86' lang='lat' dir='ltr'><strong>juvenem</strong></span> <span class='ocrx_word' id='word_1_44' title='bbox 1028 1023 1309 1107; x_wconf 80' lang='lat' dir='ltr'>flagrantem,</span> <span class='ocrx_word' id='word_1_45' title='bbox 1332 1020 1442 1085; x_wconf 91' lang='lat' dir='ltr'><strong>deci-</strong></span> 
     </span>
     <span class='ocr_line' id='line_1_7' title="bbox 252 1126 1441 1217; baseline -0.007 -20"><span class='ocrx_word' id='word_1_46' title='bbox 252 1135 416 1197; x_wconf 90' lang='lat' dir='ltr'><strong>dentem</strong></span> <span class='ocrx_word' id='word_1_47' title='bbox 448 1135 488 1198; x_wconf 93' lang='lat' dir='ltr'><strong>de</strong></span> <span class='ocrx_word' id='word_1_48' title='bbox 519 1132 606 1197; x_wconf 91' lang='lat' dir='ltr'><strong>coelo</strong></span> <span class='ocrx_word' id='word_1_49' title='bbox 633 1153 729 1217; x_wconf 88' lang='lat' dir='ltr'><strong>quam</strong></span> <span class='ocrx_word' id='word_1_50' title='bbox 753 1132 882 1196; x_wconf 89' lang='lat' dir='ltr'><strong>solem</strong></span> <span class='ocrx_word' id='word_1_51' title='bbox 905 1130 1075 1213; x_wconf 86' lang='lat' dir='ltr'><strong>designari.</strong></span> <span class='ocrx_word' id='word_1_52' title='bbox 1101 1128 1168 1194; x_wconf 91' lang='lat' dir='ltr'><strong>Nec</strong></span> <span class='ocrx_word' id='word_1_53' title='bbox 1187 1132 1296 1193; x_wconf 84' lang='lat' dir='ltr'><strong>tamen</strong></span> <span class='ocrx_word' id='word_1_54' title='bbox 1321 1126 1441 1191; x_wconf 88' lang='lat' dir='ltr'><strong>miran-</strong></span> 
     </span>
     <span class='ocr_line' id='line_1_8' title="bbox 252 1232 1443 1322; baseline -0.005 -19"><span class='ocrx_word' id='word_1_55' title='bbox 252 1240 327 1303; x_wconf 89' lang='lat' dir='ltr'><strong>dum</strong></span> <span class='ocrx_word' id='word_1_56' title='bbox 359 1260 424 1303; x_wconf 84' lang='lat' dir='ltr'><strong>esse</strong></span> <span class='ocrx_word' id='word_1_57' title='bbox 453 1238 536 1322; x_wconf 89' lang='lat' dir='ltr'><strong>apud</strong></span> <span class='ocrx_word' id='word_1_58' title='bbox 560 1236 653 1321; x_wconf 84' lang='lat' dir='ltr'><strong>Diog.</strong></span> <span class='ocrx_word' id='word_1_59' title='bbox 678 1237 806 1302; x_wconf 90' lang='lat' dir='ltr'><strong>solem</strong></span> <span class='ocrx_word' id='word_1_60' title='bbox 830 1237 911 1321; x_wconf 88' lang='lat' dir='ltr'><strong>legi,</strong></span> <span class='ocrx_word' id='word_1_61' title='bbox 936 1258 1030 1300; x_wconf 86' lang='lat' dir='ltr'><strong>nam:</strong></span> <span class='ocrx_word' id='word_1_62' title='bbox 1055 1236 1111 1299; x_wconf 83' lang='lat' dir='ltr'><strong>»in</strong></span> <span class='ocrx_word' id='word_1_63' title='bbox 1134 1235 1190 1298; x_wconf 94' lang='lat' dir='ltr'><strong>der</strong></span> <span class='ocrx_word' id='word_1_64' title='bbox 1212 1232 1443 1316; x_wconf 86' lang='lat' dir='ltr'><strong>Verfleehtnng</strong></span> 
     </span>
     <span class='ocr_line' id='line_1_9' title="bbox 252 1340 1442 1428; baseline -0.005 -20"><span class='ocrx_word' id='word_1_65' title='bbox 252 1345 338 1409; x_wconf 89' lang='lat' dir='ltr'><strong>eines</strong></span> <span class='ocrx_word' id='word_1_66' title='bbox 361 1342 490 1408; x_wconf 86' lang='lat' dir='ltr'><strong>solchen</strong></span> <span class='ocrx_word' id='word_1_67' title='bbox 515 1342 733 1427; x_wconf 84' lang='lat' dir='ltr'><strong>Auganbliclrs</strong></span> <span class='ocrx_word' id='word_1_68' title='bbox 757 1344 811 1428; x_wconf 84' lang='lat' dir='ltr'><strong>(sc.</strong></span> <span class='ocrx_word' id='word_1_69' title='bbox 837 1364 901 1427; x_wconf 91' lang='lat' dir='ltr'><strong>quo</strong></span> <span class='ocrx_word' id='word_1_70' title='bbox 921 1342 1065 1427; x_wconf 75' lang='lat' dir='ltr'><strong>Jupiter,</strong></span> <span class='ocrx_word' id='word_1_71' title='bbox 1088 1363 1129 1406; x_wconf 92' lang='lat' dir='ltr'><strong>ne</strong></span> <span class='ocrx_word' id='word_1_72' title='bbox 1147 1340 1255 1405; x_wconf 90' lang='lat' dir='ltr'><strong>omnia</strong></span> <span class='ocrx_word' id='word_1_73' title='bbox 1272 1340 1442 1403; x_wconf 85' lang='lat' dir='ltr'><strong>misceren-</strong></span> 
     </span>
     <span class='ocr_line' id='line_1_10' title="bbox 251 1445 1443 1536; baseline -0.006 -21"><span class='ocrx_word' id='word_1_74' title='bbox 251 1455 321 1528; x_wconf 90' lang='lat' dir='ltr'><strong>tur,</strong></span> <span class='ocrx_word' id='word_1_75' title='bbox 356 1450 466 1515; x_wconf 87' lang='lat' dir='ltr'><strong>statim</strong></span> <span class='ocrx_word' id='word_1_76' title='bbox 491 1452 659 1536; x_wconf 86' lang='lat' dir='ltr'><strong>juvenem,</strong></span> <span class='ocrx_word' id='word_1_77' title='bbox 689 1450 796 1514; x_wconf 87' lang='lat' dir='ltr'><strong>solis</strong></span> <span class='ocrx_word' id='word_1_78' title='bbox 832 1471 961 1514; x_wconf 90' lang='lat' dir='ltr'><strong>munere</strong></span> <span class='ocrx_word' id='word_1_79' title='bbox 990 1449 1178 1530; x_wconf 78' lang='lat' dir='ltr'><strong>fungentem</strong></span> <span class='ocrx_word' id='word_1_80' title='bbox 1209 1447 1354 1511; x_wconf 82' lang='lat' dir='ltr'><strong>fulminis</strong></span> <span class='ocrx_word' id='word_1_81' title='bbox 1375 1445 1443 1510; x_wconf 87' lang='lat' dir='ltr'><strong>ictu</strong></span> 
     </span>
     <span class='ocr_line' id='line_1_11' title="bbox 252 1552 1442 1640; baseline -0.004 -19"><span class='ocrx_word' id='word_1_82' title='bbox 252 1557 448 1628; x_wconf 67' lang='lat' dir='ltr'><strong>deturbavit)</strong></span> <span class='ocrx_word' id='word_1_83' title='bbox 471 1557 514 1621; x_wconf 85' lang='lat' dir='ltr'><strong>iat</strong></span> <span class='ocrx_word' id='word_1_84' title='bbox 537 1578 569 1621; x_wconf 89' lang='lat' dir='ltr'><strong>es</strong></span> <span class='ocrx_word' id='word_1_85' title='bbox 593 1556 848 1640; x_wconf 89' lang='lat' dir='ltr'><strong>gleichlautend,</strong></span> <span class='ocrx_word' id='word_1_86' title='bbox 871 1556 913 1620; x_wconf 93' lang='lat' dir='ltr'><strong>ob</strong></span> <span class='ocrx_word' id='word_1_87' title='bbox 934 1556 984 1620; x_wconf 89' lang='lat' dir='ltr'><strong>die</strong></span> <span class='ocrx_word' id='word_1_88' title='bbox 1004 1555 1112 1620; x_wconf 84' lang='lat' dir='ltr'><strong>Sonne</strong></span> <span class='ocrx_word' id='word_1_89' title='bbox 1131 1555 1243 1629; x_wconf 86' lang='lat' dir='ltr'><strong>selbst,</strong></span> <span class='ocrx_word' id='word_1_90' title='bbox 1267 1558 1361 1638; x_wconf 85' lang='lat' dir='ltr'><strong>oder,</strong></span> <span class='ocrx_word' id='word_1_91' title='bbox 1374 1552 1442 1617; x_wconf 90' lang='lat' dir='ltr'><strong>sich</strong></span> 
     </span>
     <span class='ocr_line' id='line_1_12' title="bbox 253 1660 1442 1746; baseline -0.003 -19"><span class='ocrx_word' id='word_1_92' title='bbox 253 1663 455 1727; x_wconf 90' lang='lat' dir='ltr'><strong>absondernd</strong></span> <span class='ocrx_word' id='word_1_93' title='bbox 479 1684 542 1726; x_wconf 85' lang='lat' dir='ltr'><strong>von</strong></span> <span class='ocrx_word' id='word_1_94' title='bbox 566 1661 634 1739; x_wconf 92' lang='lat' dir='ltr'><strong>ihr,</strong></span> <span class='ocrx_word' id='word_1_95' title='bbox 655 1662 707 1726; x_wconf 92' lang='lat' dir='ltr'><strong>ein</strong></span> <span class='ocrx_word' id='word_1_96' title='bbox 727 1661 866 1746; x_wconf 80' lang='lat' dir='ltr'><strong>lauriger</strong></span> <span class='ocrx_word' id='word_1_97' title='bbox 885 1661 1259 1746; x_wconf 85' lang='lat' dir='ltr'><strong>Metallklumpen,oder</strong></span> <span class='ocrx_word' id='word_1_98' title='bbox 1270 1660 1326 1724; x_wconf 92' lang='lat' dir='ltr'><strong>der</strong></span> <span class='ocrx_word' id='word_1_99' title='bbox 1338 1679 1442 1744; x_wconf 87' lang='lat' dir='ltr'><strong>wage-</strong></span> 
     </span>
     <span class='ocr_line' id='line_1_13' title="bbox 252 1764 1444 1853; baseline -0.005 -20"><span class='ocrx_word' id='word_1_100' title='bbox 252 1770 374 1853; x_wconf 86' lang='lat' dir='ltr'><strong>halsige</strong></span> <span class='ocrx_word' id='word_1_101' title='bbox 402 1767 525 1833; x_wconf 83' lang='lat' dir='ltr'><strong>Fiihrer</strong></span> <span class='ocrx_word' id='word_1_102' title='bbox 548 1768 593 1832; x_wconf 87' lang='lat' dir='ltr'><strong>als</strong></span> <span class='ocrx_word' id='word_1_103' title='bbox 617 1769 825 1833; x_wconf 79' lang='lat' dir='ltr'><strong>entzdndetes</strong></span> <span class='ocrx_word' id='word_1_104' title='bbox 848 1768 970 1832; x_wconf 82' lang='lat' dir='ltr'><strong>Meteor</strong></span> <span class='ocrx_word' id='word_1_105' title='bbox 994 1767 1147 1832; x_wconf 90' lang='lat' dir='ltr'><strong>herunter</strong></span> <span class='ocrx_word' id='word_1_106' title='bbox 1169 1770 1279 1831; x_wconf 76' lang='lat' dir='ltr'><strong>stfimt.</strong></span> <span class='ocrx_word' id='word_1_107' title='bbox 1319 1764 1444 1829; x_wconf 79' lang='lat' dir='ltr'><strong>Hiichst</strong></span> 
     </span>
     <span class='ocr_line' id='line_1_14' title="bbox 257 1870 1442 1959; baseline -0.005 -20"><span class='ocrx_word' id='word_1_108' title='bbox 257 1876 469 1939; x_wconf 85' lang='lat' dir='ltr'><strong>willhommen</strong></span> <span class='ocrx_word' id='word_1_109' title='bbox 505 1878 623 1938; x_wconf 87' lang='lat' dir='ltr'><strong>musste</strong></span> <span class='ocrx_word' id='word_1_110' title='bbox 656 1875 727 1939; x_wconf 89' lang='lat' dir='ltr'><strong>dem</strong></span> <span class='ocrx_word' id='word_1_111' title='bbox 763 1874 1029 1959; x_wconf 89' lang='lat' dir='ltr'><strong>hochgebildeten</strong></span> <span class='ocrx_word' id='word_1_112' title='bbox 1065 1871 1197 1937; x_wconf 77' lang='lat' dir='ltr'><strong>Dichter</strong></span> <span class='ocrx_word' id='word_1_113' title='bbox 1226 1872 1326 1937; x_wconf 88' lang='lat' dir='ltr'><strong>dieses</strong></span> <span class='ocrx_word' id='word_1_114' title='bbox 1348 1870 1442 1935; x_wconf 83' lang='lat' dir='ltr'><strong>awei-</strong></span> 
     </span>
     <span class='ocr_line' id='line_1_15' title="bbox 254 1976 1441 2064; baseline -0.005 -19"><span class='ocrx_word' id='word_1_115' title='bbox 254 1980 383 2064; x_wconf 87' lang='lat' dir='ltr'><strong>deutige</strong></span> <span class='ocrx_word' id='word_1_116' title='bbox 405 2000 549 2062; x_wconf 84' lang='lat' dir='ltr'><strong>gewesan</strong></span> <span class='ocrx_word' id='word_1_117' title='bbox 574 1980 642 2044; x_wconf 89' lang='lat' dir='ltr'><strong>sein</strong></span> <span class='ocrx_word' id='word_1_118' title='bbox 665 2002 718 2044; x_wconf 91' lang='lat' dir='ltr'><strong>um</strong></span> <span class='ocrx_word' id='word_1_119' title='bbox 742 1980 829 2044; x_wconf 85' lang='lat' dir='ltr'><strong>aeine</strong></span> <span class='ocrx_word' id='word_1_120' title='bbox 851 1978 1100 2044; x_wconf 88' lang='lat' dir='ltr'><strong>Naturweisheit</strong></span> <span class='ocrx_word' id='word_1_121' title='bbox 1118 1979 1187 2043; x_wconf 90' lang='lat' dir='ltr'><strong>hier</strong></span> <span class='ocrx_word' id='word_1_122' title='bbox 1206 1976 1383 2062; x_wconf 84' lang='lat' dir='ltr'><strong>eingreifen</strong></span> <span class='ocrx_word' id='word_1_123' title='bbox 1403 1998 1441 2040; x_wconf 82' lang='lat' dir='ltr'><strong>au</strong></span> 
     </span>
     <span class='ocr_line' id='line_1_16' title="bbox 253 2084 1442 2171; baseline -0.004 -20"><span class='ocrx_word' id='word_1_124' title='bbox 253 2086 390 2151; x_wconf 86' lang='lat' dir='ltr'><strong>lassen’&#39;.</strong></span> <span class='ocrx_word' id='word_1_125' title='bbox 421 2084 503 2149; x_wconf 84' lang='lat' dir='ltr'><strong>Tum</strong></span> <span class='ocrx_word' id='word_1_126' title='bbox 533 2087 633 2151; x_wconf 89' lang='lat' dir='ltr'><strong>relato</strong></span> <span class='ocrx_word' id='word_1_127' title='bbox 664 2086 848 2150; x_wconf 89' lang='lat' dir='ltr'><strong>testimonio</strong></span> <span class='ocrx_word' id='word_1_128' title='bbox 877 2084 1058 2150; x_wconf 86' lang='lat' dir='ltr'><strong>Aristotelis</strong></span> <span class='ocrx_word' id='word_1_129' title='bbox 1082 2085 1231 2171; x_wconf 84' lang='lat' dir='ltr'><strong>(Meteor.</strong></span> <span class='ocrx_word' id='word_1_130' title='bbox 1257 2086 1280 2148; x_wconf 93' lang='lat' dir='ltr'><strong>l.</strong></span> <span class='ocrx_word' id='word_1_131' title='bbox 1305 2086 1354 2163; x_wconf 81' lang='lat'><strong>8),</strong></span> <span class='ocrx_word' id='word_1_132' title='bbox 1379 2103 1442 2167; x_wconf 91' lang='lat' dir='ltr'><strong>quo</strong></span> 
     </span>
     <span class='ocr_line' id='line_1_17' title="bbox 254 2188 1441 2277; baseline -0.004 -20"><span class='ocrx_word' id='word_1_133' title='bbox 254 2192 448 2277; x_wconf 84' lang='lat' dir='ltr'><strong>Pythagorei</strong></span> <span class='ocrx_word' id='word_1_134' title='bbox 471 2192 617 2256; x_wconf 86' lang='lat' dir='ltr'><strong>feruntur</strong></span> <span class='ocrx_word' id='word_1_135' title='bbox 640 2192 754 2256; x_wconf 84' lang='lat' dir='ltr'><strong>dixisse</strong></span> <span class='ocrx_word' id='word_1_136' title='bbox 776 2192 811 2255; x_wconf 91' lang='lat' dir='ltr'><strong>in</strong></span> <span class='ocrx_word' id='word_1_137' title='bbox 834 2191 1047 2256; x_wconf 89' lang='lat' dir='ltr'><strong>Phaethontis</strong></span> <span class='ocrx_word' id='word_1_138' title='bbox 1065 2191 1198 2256; x_wconf 81' lang='lat' dir='ltr'><strong>interitu</strong></span> <span class='ocrx_word' id='word_1_139' title='bbox 1217 2191 1338 2275; x_wconf 88' lang='lat' dir='ltr'><strong>lapides</strong></span> <span class='ocrx_word' id='word_1_140' title='bbox 1356 2188 1441 2253; x_wconf 90' lang='lat' dir='ltr'><strong>deci-</strong></span> 
     </span>
     <span class='ocr_line' id='line_1_18' title="bbox 255 2295 1443 2381; baseline -0.004 -19"><span class='ocrx_word' id='word_1_141' title='bbox 255 2298 354 2375; x_wconf 82' lang='lat' dir='ltr'><strong>disse,</strong></span> <span class='ocrx_word' id='word_1_142' title='bbox 390 2298 494 2361; x_wconf 88' lang='lat' dir='ltr'><strong>addit:</strong></span> <span class='ocrx_word' id='word_1_143' title='bbox 531 2297 690 2364; x_wconf 86' lang='lat' dir='ltr'><strong>›Hiereus</strong></span> <span class='ocrx_word' id='word_1_144' title='bbox 720 2297 845 2381; x_wconf 89' lang='lat' dir='ltr'><strong>ergiebt</strong></span> <span class='ocrx_word' id='word_1_145' title='bbox 877 2297 944 2361; x_wconf 91' lang='lat' dir='ltr'><strong>sich</strong></span> <span class='ocrx_word' id='word_1_146' title='bbox 968 2300 1070 2374; x_wconf 90' lang='lat' dir='ltr'><strong>denn,</strong></span> <span class='ocrx_word' id='word_1_147' title='bbox 1094 2300 1168 2361; x_wconf 80' lang='lat' dir='ltr'><strong>dasz</strong></span> <span class='ocrx_word' id='word_1_148' title='bbox 1191 2297 1242 2361; x_wconf 92' lang='lat' dir='ltr'><strong>die</strong></span> <span class='ocrx_word' id='word_1_149' title='bbox 1265 2295 1364 2360; x_wconf 81' lang='lat' dir='ltr'><strong>Alten</strong></span> <span class='ocrx_word' id='word_1_150' title='bbox 1388 2296 1443 2358; x_wconf 88' lang='lat' dir='ltr'><strong>das</strong></span> 
     </span>
     <span class='ocr_line' id='line_1_19' title="bbox 255 2401 1442 2470; baseline -0.003 -2"><span class='ocrx_word' id='word_1_151' title='bbox 255 2402 472 2469; x_wconf 87' lang='lat' dir='ltr'><strong>Niederfallen</strong></span> <span class='ocrx_word' id='word_1_152' title='bbox 502 2403 557 2467; x_wconf 91' lang='lat' dir='ltr'><strong>der</strong></span> <span class='ocrx_word' id='word_1_153' title='bbox 587 2402 811 2467; x_wconf 89' lang='lat' dir='ltr'><strong>Mateorsteina</strong></span> <span class='ocrx_word' id='word_1_154' title='bbox 844 2403 1002 2468; x_wconf 90' lang='lat' dir='ltr'><strong>durohaus</strong></span> <span class='ocrx_word' id='word_1_155' title='bbox 1029 2405 1088 2469; x_wconf 90' lang='lat' dir='ltr'><strong>mit</strong></span> <span class='ocrx_word' id='word_1_156' title='bbox 1110 2408 1182 2468; x_wconf 92' lang='lat' dir='ltr'><strong>dem</strong></span> <span class='ocrx_word' id='word_1_157' title='bbox 1206 2403 1317 2470; x_wconf 86' lang='lat' dir='ltr'><strong>Stume</strong></span> <span class='ocrx_word' id='word_1_158' title='bbox 1340 2401 1442 2467; x_wconf 89' lang='lat' dir='ltr'><strong>Phae-</strong></span> 
     </span>
     <span class='ocr_line' id='line_1_20' title="bbox 255 2508 1441 2595; baseline -0.003 -20"><span class='ocrx_word' id='word_1_159' title='bbox 255 2509 352 2575; x_wconf 90' lang='lat' dir='ltr'><strong>thons</strong></span> <span class='ocrx_word' id='word_1_160' title='bbox 386 2509 419 2573; x_wconf 92' lang='lat' dir='ltr'><strong>in</strong></span> <span class='ocrx_word' id='word_1_161' title='bbox 456 2508 696 2593; x_wconf 77' lang='lat' dir='ltr'><strong>Verhnr’ipfung</strong></span> <span class='ocrx_word' id='word_1_162' title='bbox 727 2509 866 2594; x_wconf 87' lang='lat' dir='ltr'><strong>gedacht</strong></span> <span class='ocrx_word' id='word_1_163' title='bbox 900 2509 1037 2576; x_wconf 85' lang='lat' dir='ltr'><strong>haben&#39;’.</strong></span> <span class='ocrx_word' id='word_1_164' title='bbox 1069 2509 1138 2586; x_wconf 78' lang='lat' dir='ltr'><strong>Qua</strong></span> <span class='ocrx_word' id='word_1_165' title='bbox 1169 2510 1352 2595; x_wconf 90' lang='lat' dir='ltr'><strong>conjectura</strong></span> <span class='ocrx_word' id='word_1_166' title='bbox 1382 2528 1441 2592; x_wconf 88' lang='lat' dir='ltr'><strong>ego</strong></span> 
     </span>
     <span class='ocr_line' id='line_1_21' title="bbox 255 2615 1444 2701; baseline -0.001 -23"><span class='ocrx_word' id='word_1_167' title='bbox 255 2616 381 2701; x_wconf 88' lang='lat' dir='ltr'><strong>quidem</strong></span> <span class='ocrx_word' id='word_1_168' title='bbox 414 2615 630 2699; x_wconf 89' lang='lat' dir='ltr'><strong>quaestionem</strong></span> <span class='ocrx_word' id='word_1_169' title='bbox 662 2616 798 2680; x_wconf 87' lang='lat' dir='ltr'><strong>solutam</strong></span> <span class='ocrx_word' id='word_1_170' title='bbox 823 2638 978 2680; x_wconf 89' lang='lat' dir='ltr'><strong>essenon</strong></span> <span class='ocrx_word' id='word_1_171' title='bbox 1005 2620 1213 2699; x_wconf 86' lang='lat' dir='ltr'><strong>contendam,</strong></span> <span class='ocrx_word' id='word_1_172' title='bbox 1239 2640 1314 2681; x_wconf 91' lang='lat' dir='ltr'><strong>nam</strong></span> <span class='ocrx_word' id='word_1_173' title='bbox 1338 2617 1444 2699; x_wconf 86' lang='lat' dir='ltr'><strong>potest</strong></span> 
     </span>
     <span class='ocr_line' id='line_1_22' title="bbox 255 2721 1442 2806; baseline 0 -20"><span class='ocrx_word' id='word_1_174' title='bbox 255 2722 361 2805; x_wconf 87' lang='lat' dir='ltr'><strong>rogari</strong></span> <span class='ocrx_word' id='word_1_175' title='bbox 381 2721 436 2805; x_wconf 91' lang='lat' dir='ltr'><strong>qui</strong></span> <span class='ocrx_word' id='word_1_176' title='bbox 455 2721 574 2785; x_wconf 87' lang='lat' dir='ltr'><strong>factum</strong></span> <span class='ocrx_word' id='word_1_177' title='bbox 594 2722 653 2799; x_wconf 87' lang='lat' dir='ltr'><strong>sit,</strong></span> <span class='ocrx_word' id='word_1_178' title='bbox 674 2722 701 2785; x_wconf 88' lang='lat' dir='ltr'><strong>si</strong></span> <span class='ocrx_word' id='word_1_179' title='bbox 717 2722 892 2786; x_wconf 87' lang='lat' dir='ltr'><strong>reverailla</strong></span> <span class='ocrx_word' id='word_1_180' title='bbox 904 2723 1010 2787; x_wconf 82' lang='lat' dir='ltr'><strong>vorin</strong></span> <span class='ocrx_word' id='word_1_181' title='bbox 1024 2722 1224 2788; x_wconf 85' lang='lat' dir='ltr'><strong>Phaethonte</strong></span> <span class='ocrx_word' id='word_1_182' title='bbox 1236 2722 1345 2787; x_wconf 87' lang='lat' dir='ltr'><strong>fabula</strong></span> <span class='ocrx_word' id='word_1_183' title='bbox 1357 2723 1442 2806; x_wconf 85' lang='lat' dir='ltr'><strong>lege-</strong></span> 
     </span>
     <span class='ocr_line' id='line_1_23' title="bbox 255 2826 1444 2914; baseline 0 -23"><span class='ocrx_word' id='word_1_184' title='bbox 255 2831 360 2905; x_wconf 88' lang='lat' dir='ltr'><strong>retur,</strong></span> <span class='ocrx_word' id='word_1_185' title='bbox 385 2831 420 2891; x_wconf 90' lang='lat' dir='ltr'><strong>ut</strong></span> <span class='ocrx_word' id='word_1_186' title='bbox 439 2826 627 2893; x_wconf 88' lang='lat' dir='ltr'><strong>scholiastae</strong></span> <span class='ocrx_word' id='word_1_187' title='bbox 646 2849 741 2911; x_wconf 89' lang='lat' dir='ltr'><strong>supra</strong></span> <span class='ocrx_word' id='word_1_188' title='bbox 761 2830 805 2913; x_wconf 81' lang='lat' dir='ltr'><strong>(p.</strong></span> <span class='ocrx_word' id='word_1_189' title='bbox 829 2829 869 2892; x_wconf 88' lang='grc'><strong>61</strong></span> <span class='ocrx_word' id='word_1_190' title='bbox 891 2830 953 2914; x_wconf 85' lang='lat' dir='ltr'><strong>aq.)</strong></span> <span class='ocrx_word' id='word_1_191' title='bbox 970 2829 1137 2893; x_wconf 89' lang='lat' dir='ltr'><strong>memorati</strong></span> <span class='ocrx_word' id='word_1_192' title='bbox 1156 2830 1189 2892; x_wconf 95' lang='lat' dir='ltr'><strong>id</strong></span> <span class='ocrx_word' id='word_1_193' title='bbox 1207 2850 1273 2892; x_wconf 93' lang='lat' dir='ltr'><strong>non</strong></span> <span class='ocrx_word' id='word_1_194' title='bbox 1286 2829 1444 2903; x_wconf 80' lang='lat' dir='ltr'><strong>viderint3</strong></span> 
     </span>
     <span class='ocr_line' id='line_1_24' title="bbox 256 2933 1443 3021; baseline 0 -24"><span class='ocrx_word' id='word_1_195' title='bbox 256 2937 310 2997; x_wconf 92' lang='lat' dir='ltr'><strong>sed</strong></span> <span class='ocrx_word' id='word_1_196' title='bbox 337 2938 445 2997; x_wconf 88' lang='lat' dir='ltr'><strong>tamen</strong></span> <span class='ocrx_word' id='word_1_197' title='bbox 476 2933 650 3016; x_wconf 86' lang='lat' dir='ltr'><strong>disputatio</strong></span> <span class='ocrx_word' id='word_1_198' title='bbox 682 2954 805 2997; x_wconf 84' lang='lat' dir='ltr'><strong>summo</strong></span> <span class='ocrx_word' id='word_1_199' title='bbox 829 2933 898 2997; x_wconf 82' lang='lat' dir='ltr'><strong>viro</strong></span> <span class='ocrx_word' id='word_1_200' title='bbox 922 2956 988 2999; x_wconf 91' lang='lat' dir='ltr'><strong>non</strong></span> <span class='ocrx_word' id='word_1_201' title='bbox 1010 2935 1162 3020; x_wconf 90' lang='lat' dir='ltr'><strong>indigna,</strong></span> <span class='ocrx_word' id='word_1_202' title='bbox 1187 2938 1227 2999; x_wconf 90' lang='lat' dir='ltr'><strong>ad</strong></span> <span class='ocrx_word' id='word_1_203' title='bbox 1251 2957 1346 3021; x_wconf 91' lang='lat' dir='ltr'><strong>quam</strong></span> <span class='ocrx_word' id='word_1_204' title='bbox 1370 2934 1443 3019; x_wconf 90' lang='lat' dir='ltr'><strong>phi-</strong></span> 
     </span>
     <span class='ocr_line' id='line_1_25' title="bbox 256 3039 1442 3125; baseline 0 -20"><span class='ocrx_word' id='word_1_205' title='bbox 256 3040 355 3125; x_wconf 86' lang='lat' dir='ltr'><strong>lologi</strong></span> <span class='ocrx_word' id='word_1_206' title='bbox 378 3061 444 3104; x_wconf 91' lang='lat' dir='ltr'><strong>non</strong></span> <span class='ocrx_word' id='word_1_207' title='bbox 465 3039 541 3103; x_wconf 83' lang='lat' dir='ltr'><strong>satis</strong></span> <span class='ocrx_word' id='word_1_208' title='bbox 561 3040 733 3104; x_wconf 88' lang='lat' dir='ltr'><strong>attendisse</strong></span> <span class='ocrx_word' id='word_1_209' title='bbox 753 3040 920 3117; x_wconf 86' lang='lat' dir='ltr'><strong>ridentur,</strong></span> <span class='ocrx_word' id='word_1_210' title='bbox 941 3040 977 3104; x_wconf 91' lang='lat' dir='ltr'><strong>in</strong></span> <span class='ocrx_word' id='word_1_211' title='bbox 995 3045 1100 3125; x_wconf 89' lang='lat' dir='ltr'><strong>partes</strong></span> <span class='ocrx_word' id='word_1_212' title='bbox 1112 3044 1255 3106; x_wconf 88' lang='lat' dir='ltr'><strong>vocanda</strong></span> <span class='ocrx_word' id='word_1_213' title='bbox 1266 3041 1442 3105; x_wconf 85' lang='lat' dir='ltr'><strong>videbatur.</strong></span> 
     </span>
     <span class='ocr_line' id='line_1_26' title="bbox 256 3146 1442 3233; baseline -0.001 -21"><span class='ocrx_word' id='word_1_214' title='bbox 256 3148 338 3212; x_wconf 89' lang='lat' dir='ltr'><strong>Rem</strong></span> <span class='ocrx_word' id='word_1_215' title='bbox 369 3147 536 3211; x_wconf 89' lang='lat' dir='ltr'><strong>decernere</strong></span> <span class='ocrx_word' id='word_1_216' title='bbox 569 3146 714 3230; x_wconf 87' lang='lat' dir='ltr'><strong>equidem</strong></span> <span class='ocrx_word' id='word_1_217' title='bbox 746 3168 811 3210; x_wconf 89' lang='lat' dir='ltr'><strong>non</strong></span> <span class='ocrx_word' id='word_1_218' title='bbox 844 3147 954 3211; x_wconf 87' lang='lat' dir='ltr'><strong>audeo.</strong></span> <span class='ocrx_word' id='word_1_219' title='bbox 977 3147 1038 3213; x_wconf 85' lang='lat' dir='ltr'><strong>Sed</strong></span> <span class='ocrx_word' id='word_1_220' title='bbox 1061 3148 1126 3212; x_wconf 86' lang='lat' dir='ltr'><strong>sive</strong></span> <span class='ocrx_word' id='word_1_221' title='bbox 1147 3148 1315 3233; x_wconf 81' lang='lat' dir='ltr'><strong>Euripides</strong></span> <span class='ocrx_word' id='word_1_222' title='bbox 1339 3148 1442 3221; x_wconf 90' lang='lat' dir='ltr'><strong>Phae·</strong></span> 
     </span>
    </p>

    <p class='ocr_par' dir='ltr' id='par_1_3' title="bbox 178 3252 1445 4189">
     <span class='ocr_line' id='line_1_27' title="bbox 257 3252 1442 3339; baseline -0.001 -22"><span class='ocrx_word' id='word_1_223' title='bbox 257 3254 402 3317; x_wconf 89' lang='lat' dir='ltr'><strong>thontem</strong></span> <span class='ocrx_word' id='word_1_224' title='bbox 433 3254 523 3337; x_wconf 86' lang='lat' dir='ltr'><strong>quasi</strong></span> <span class='ocrx_word' id='word_1_225' title='bbox 553 3252 689 3336; x_wconf 86' lang='lat' dir='ltr'><strong>lapidem</strong></span> <span class='ocrx_word' id='word_1_226' title='bbox 721 3253 760 3317; x_wconf 91' lang='lat' dir='ltr'><strong>de</strong></span> <span class='ocrx_word' id='word_1_227' title='bbox 793 3254 858 3317; x_wconf 90' lang='lat' dir='ltr'><strong>sole</strong></span> <span class='ocrx_word' id='word_1_228' title='bbox 890 3254 1085 3318; x_wconf 89' lang='lat' dir='ltr'><strong>decidentem</strong></span> <span class='ocrx_word' id='word_1_229' title='bbox 1118 3254 1183 3319; x_wconf 89' lang='lat' dir='ltr'><strong>sive</strong></span> <span class='ocrx_word' id='word_1_230' title='bbox 1212 3254 1317 3339; x_wconf 90' lang='lat' dir='ltr'><strong>ipsum</strong></span> <span class='ocrx_word' id='word_1_231' title='bbox 1345 3254 1442 3319; x_wconf 91' lang='lat' dir='ltr'><strong>solem</strong></span> 
     </span>
     <span class='ocr_line' id='line_1_28' title="bbox 178 3344 1443 3445; baseline 0 -22"><span class='ocrx_word' id='word_1_232' title='bbox 178 3344 181 3350; x_wconf 37' lang='lat'><strong>⁴</strong></span> <span class='ocrx_word' id='word_1_233' title='bbox 257 3359 383 3423; x_wconf 85' lang='lat' dir='ltr'><strong>vocavit</strong></span> <span class='ocrx_word' id='word_1_234' title='bbox 412 3360 548 3438; x_wconf 76' lang='grc' dir='ltr'><strong><em>χρυσέαν</em></strong></span> <span class='ocrx_word' id='word_1_235' title='bbox 580 3358 695 3437; x_wconf 74' lang='grc' dir='ltr'><em>βῶλον,</em></span> <span class='ocrx_word' id='word_1_236' title='bbox 728 3380 794 3423; x_wconf 93' lang='lat' dir='ltr'><strong>non</strong></span> <span class='ocrx_word' id='word_1_237' title='bbox 824 3359 894 3424; x_wconf 88' lang='lat' dir='ltr'><strong>ideo</strong></span> <span class='ocrx_word' id='word_1_238' title='bbox 919 3361 1129 3425; x_wconf 89' lang='lat' dir='ltr'><strong>necessarium</strong></span> <span class='ocrx_word' id='word_1_239' title='bbox 1153 3366 1230 3445; x_wconf 86' lang='lat' dir='ltr'><strong>puto</strong></span> <span class='ocrx_word' id='word_1_240' title='bbox 1253 3362 1287 3424; x_wconf 91' lang='lat' dir='ltr'><strong>id</strong></span> <span class='ocrx_word' id='word_1_241' title='bbox 1310 3361 1351 3425; x_wconf 90' lang='lat' dir='ltr'><strong>ad</strong></span> <span class='ocrx_word' id='word_1_242' title='bbox 1375 3382 1443 3423; x_wconf 91' lang='lat' dir='ltr'><strong>ma·</strong></span> 
     </span>
     <span class='ocr_line' id='line_1_29' title="bbox 257 3465 1442 3550; baseline 0.001 -21"><span class='ocrx_word' id='word_1_243' title='bbox 257 3465 350 3549; x_wconf 89' lang='lat' dir='ltr'><strong>gistri</strong></span> <span class='ocrx_word' id='word_1_244' title='bbox 369 3465 591 3530; x_wconf 85' lang='lat' dir='ltr'><strong>auctoritatem</strong></span> <span class='ocrx_word' id='word_1_245' title='bbox 611 3486 774 3541; x_wconf 85' lang='lat' dir='ltr'><strong>revocare,</strong></span> <span class='ocrx_word' id='word_1_246' title='bbox 787 3465 839 3529; x_wconf 90' lang='lat' dir='ltr'><strong>cui</strong></span> <span class='ocrx_word' id='word_1_247' title='bbox 850 3466 948 3530; x_wconf 90' lang='lat' dir='ltr'><strong>solem</strong></span> <span class='ocrx_word' id='word_1_248' title='bbox 960 3466 1082 3550; x_wconf 89' lang='lat' dir='ltr'><strong>placuit</strong></span> <span class='ocrx_word' id='word_1_249' title='bbox 1092 3489 1159 3531; x_wconf 89' lang='lat' dir='ltr'><strong>esse</strong></span> <span class='ocrx_word' id='word_1_250' title='bbox 1171 3468 1279 3544; x_wconf 75' lang='grc' dir='ltr'><em>μύδρον</em></span> <span class='ocrx_word' id='word_1_251' title='bbox 1291 3467 1442 3546; x_wconf 71' lang='grc' dir='ltr'><strong><em>διάπυρον.</em></strong></span> 
     </span>
     <span class='ocr_line' id='line_1_30' title="bbox 257 3570 1443 3658; baseline 0.001 -23"><span class='ocrx_word' id='word_1_252' title='bbox 257 3570 334 3636; x_wconf 91' lang='lat' dir='ltr'><strong>Non</strong></span> <span class='ocrx_word' id='word_1_253' title='bbox 356 3572 441 3636; x_wconf 91' lang='lat' dir='ltr'><strong>enim</strong></span> <span class='ocrx_word' id='word_1_254' title='bbox 462 3572 546 3636; x_wconf 90' lang='lat' dir='ltr'><strong>idem</strong></span> <span class='ocrx_word' id='word_1_255' title='bbox 570 3574 634 3649; x_wconf 89' lang='lat' dir='ltr'><strong>est;</strong></span> <span class='ocrx_word' id='word_1_256' title='bbox 659 3571 720 3635; x_wconf 97' lang='lat' dir='ltr'><strong>hoc</strong></span> <span class='ocrx_word' id='word_1_257' title='bbox 743 3571 905 3655; x_wconf 84' lang='lat' dir='ltr'><strong>significat</strong></span> <span class='ocrx_word' id='word_1_258' title='bbox 935 3572 1117 3657; x_wconf 91' lang='lat' dir='ltr'><strong>lapidem</strong></span> <span class='ocrx_word' id='word_1_259' title='bbox 1147 3574 1314 3658; x_wconf 86' lang='lat' dir='ltr'><strong>igneum</strong></span> <span class='ocrx_word' id='word_1_260' title='bbox 1324 3594 1332 3651; x_wconf 91' lang='lat'>;</span> <span class='ocrx_word' id='word_1_261' title='bbox 1364 3574 1443 3637; x_wconf 91' lang='lat' dir='ltr'><strong>illud</strong></span> 
     </span>
     <span class='ocr_line' id='line_1_31' title="bbox 257 3676 1444 3765; baseline 0.001 -23"><span class='ocrx_word' id='word_1_262' title='bbox 257 3678 420 3763; x_wconf 87' lang='lat' dir='ltr'><strong>glebam</strong></span> <span class='ocrx_word' id='word_1_263' title='bbox 455 3699 630 3742; x_wconf 87' lang='lat' dir='ltr'><strong>auream.</strong></span> <span class='ocrx_word' id='word_1_264' title='bbox 663 3676 752 3743; x_wconf 89' lang='lat' dir='ltr'><strong>Haeo</strong></span> <span class='ocrx_word' id='word_1_265' title='bbox 782 3678 939 3742; x_wconf 86' lang='lat' dir='ltr'><strong>vocabula</strong></span> <span class='ocrx_word' id='word_1_266' title='bbox 970 3700 1028 3763; x_wconf 92' lang='lat' dir='ltr'><strong>pro</strong></span> <span class='ocrx_word' id='word_1_267' title='bbox 1058 3679 1122 3744; x_wconf 90' lang='lat' dir='ltr'><strong>illis</strong></span> <span class='ocrx_word' id='word_1_268' title='bbox 1153 3680 1276 3764; x_wconf 89' lang='lat' dir='ltr'><strong>poetice</strong></span> <span class='ocrx_word' id='word_1_269' title='bbox 1299 3680 1444 3765; x_wconf 90' lang='lat' dir='ltr'><strong>usurpari</strong></span> 
     </span>
     <span class='ocr_line' id='line_1_32' title="bbox 258 3783 1445 3870; baseline 0.003 -23"><span class='ocrx_word' id='word_1_270' title='bbox 258 3783 398 3867; x_wconf 84' lang='lat' dir='ltr'><strong>potuisse</strong></span> <span class='ocrx_word' id='word_1_271' title='bbox 417 3783 558 3867; x_wconf 84' lang='lat' dir='ltr'><strong>profecto</strong></span> <span class='ocrx_word' id='word_1_272' title='bbox 577 3805 644 3848; x_wconf 92' lang='lat' dir='ltr'><strong>non</strong></span> <span class='ocrx_word' id='word_1_273' title='bbox 663 3783 805 3867; x_wconf 89' lang='lat' dir='ltr'><strong>negabo,</strong></span> <span class='ocrx_word' id='word_1_274' title='bbox 827 3786 881 3848; x_wconf 88' lang='lat' dir='ltr'><strong>sed</strong></span> <span class='ocrx_word' id='word_1_275' title='bbox 900 3805 979 3870; x_wconf 90' lang='lat' dir='ltr'><strong>rogo</strong></span> <span class='ocrx_word' id='word_1_276' title='bbox 999 3808 1078 3849; x_wconf 91' lang='lat' dir='ltr'><strong>num</strong></span> <span class='ocrx_word' id='word_1_277' title='bbox 1102 3807 1226 3851; x_wconf 81' lang='lat' dir='ltr'><strong>neeesse</strong></span> <span class='ocrx_word' id='word_1_278' title='bbox 1245 3787 1287 3850; x_wconf 89' lang='lat' dir='ltr'><strong>sit</strong></span> <span class='ocrx_word' id='word_1_279' title='bbox 1306 3790 1445 3850; x_wconf 87' lang='lat' dir='ltr'><strong>statuere</strong></span> 
     </span>
     <span class='ocr_line' id='line_1_33' title="bbox 258 3888 1444 3974; baseline 0.002 -21"><span class='ocrx_word' id='word_1_280' title='bbox 258 3911 366 3953; x_wconf 88' lang='lat' dir='ltr'><strong>revera</strong></span> <span class='ocrx_word' id='word_1_281' title='bbox 385 3890 431 3953; x_wconf 91' lang='lat' dir='ltr'><strong>ita</strong></span> <span class='ocrx_word' id='word_1_282' title='bbox 450 3888 545 3953; x_wconf 85' lang='lat' dir='ltr'><strong>fuisse</strong></span> <span class='ocrx_word' id='word_1_283' title='bbox 565 3892 726 3974; x_wconf 88' lang='lat' dir='ltr'><strong>usurpata.</strong></span> <span class='ocrx_word' id='word_1_284' title='bbox 746 3889 864 3955; x_wconf 89' lang='lat' dir='ltr'><strong>Nonne</strong></span> <span class='ocrx_word' id='word_1_285' title='bbox 885 3893 997 3974; x_wconf 88' lang='lat' dir='ltr'><strong>poetae</strong></span> <span class='ocrx_word' id='word_1_286' title='bbox 1017 3894 1149 3956; x_wconf 89' lang='lat' dir='ltr'><strong>naturae</strong></span> <span class='ocrx_word' id='word_1_287' title='bbox 1170 3914 1273 3956; x_wconf 90' lang='lat' dir='ltr'><strong>rerum</strong></span> <span class='ocrx_word' id='word_1_288' title='bbox 1292 3892 1444 3969; x_wconf 87' lang='lat' dir='ltr'><strong>studioso,</strong></span> 
     </span>
     <span class='ocr_line' id='line_1_34' title="bbox 259 3995 1444 4083; baseline 0.003 -25"><span class='ocrx_word' id='word_1_289' title='bbox 259 4017 356 4079; x_wconf 89' lang='lat' dir='ltr'><strong>quum</strong></span> <span class='ocrx_word' id='word_1_290' title='bbox 388 3995 486 4059; x_wconf 87' lang='lat' dir='ltr'><strong>solem</strong></span> <span class='ocrx_word' id='word_1_291' title='bbox 510 3996 780 4081; x_wconf 84' lang='lat' dir='ltr'><strong>contemplaretur</strong></span> <span class='ocrx_word' id='word_1_292' title='bbox 803 3996 868 4081; x_wconf 83' lang='lat' dir='ltr'><strong>(vel</strong></span> <span class='ocrx_word' id='word_1_293' title='bbox 891 3996 1027 4080; x_wconf 91' lang='lat' dir='ltr'><strong>lapidem</strong></span> <span class='ocrx_word' id='word_1_294' title='bbox 1052 3999 1326 4083; x_wconf 77' lang='lat' dir='ltr'><strong>»meteoricum”),</strong></span> <span class='ocrx_word' id='word_1_295' title='bbox 1349 3999 1444 4063; x_wconf 89' lang='lat' dir='ltr'><strong>etiam</strong></span> 
     </span>
     <span class='ocr_line' id='line_1_35' title="bbox 259 4101 1288 4189; baseline 0.005 -24"><span class='ocrx_word' id='word_1_296' title='bbox 259 4102 327 4166; x_wconf 91' lang='lat' dir='ltr'><strong>sine</strong></span> <span class='ocrx_word' id='word_1_297' title='bbox 351 4101 570 4186; x_wconf 89' lang='lat' dir='ltr'><strong>philosophiae</strong></span> <span class='ocrx_word' id='word_1_298' title='bbox 593 4102 710 4167; x_wconf 85' lang='lat' dir='ltr'><strong>auxilio</strong></span> <span class='ocrx_word' id='word_1_299' title='bbox 732 4103 817 4167; x_wconf 90' lang='lat' dir='ltr'><strong>idem</strong></span> <span class='ocrx_word' id='word_1_300' title='bbox 841 4103 949 4169; x_wconf 90' lang='lat' dir='ltr'><strong>animo</strong></span> <span class='ocrx_word' id='word_1_301' title='bbox 971 4124 1136 4170; x_wconf 89' lang='lat' dir='ltr'><strong>occurrere</strong></span> <span class='ocrx_word' id='word_1_302' title='bbox 1158 4107 1288 4189; x_wconf 79' lang='lat' dir='ltr'><strong>potuit?</strong></span> 
     </span>
    </p>
   </div>
   <div class='ocr_carea' id='block_1_3' title="bbox 304 4313 1445 4403">
    <p class='ocr_par' dir='ltr' id='par_1_4' title="bbox 304 4313 1445 4403">
     <span class='ocr_line' id='line_1_36' title="bbox 304 4313 1445 4403; baseline 0.002 -24"><span class='ocrx_word' id='word_1_303' title='bbox 304 4314 394 4379; x_wconf 89' lang='lat' dir='ltr'><strong>Inter</strong></span> <span class='ocrx_word' id='word_1_304' title='bbox 416 4313 627 4379; x_wconf 85' lang='lat' dir='ltr'><strong>Phaethontis</strong></span> <span class='ocrx_word' id='word_1_305' title='bbox 649 4314 765 4401; x_wconf 87' lang='lat' dir='ltr'><strong>fragm.</strong></span> <span class='ocrx_word' id='word_1_306' title='bbox 791 4320 955 4400; x_wconf 89' lang='lat' dir='ltr'><strong>praeterea</strong></span> <span class='ocrx_word' id='word_1_307' title='bbox 977 4317 1017 4381; x_wconf 93' lang='lat' dir='ltr'><strong>de</strong></span> <span class='ocrx_word' id='word_1_308' title='bbox 1041 4318 1106 4382; x_wconf 90' lang='lat' dir='ltr'><strong>sole</strong></span> <span class='ocrx_word' id='word_1_309' title='bbox 1128 4317 1283 4403; x_wconf 89' lang='lat' dir='ltr'><strong>leguntur</strong></span> <span class='ocrx_word' id='word_1_310' title='bbox 1304 4317 1360 4382; x_wconf 92' lang='lat' dir='ltr'><strong>alii</strong></span> <span class='ocrx_word' id='word_1_311' title='bbox 1383 4318 1445 4382; x_wconf 92' lang='lat' dir='ltr'><strong>duo</strong></span> 
     </span>
    </p>
   </div>
   <div class='ocr_carea' id='block_1_4' title="bbox 296 4552 998 4632">
    <p class='ocr_par' dir='ltr' id='par_1_5' title="bbox 296 4552 998 4632">
     <span class='ocr_line' id='line_1_37' title="bbox 296 4552 998 4632; baseline 0 -28"><span class='ocrx_word' id='word_1_312' title='bbox 296 4556 323 4621; x_wconf 84' lang='lat'><strong>1)</strong></span> <span class='ocrx_word' id='word_1_313' title='bbox 340 4555 382 4604; x_wconf 87' lang='lat' dir='ltr'><strong>Ait</strong></span> <span class='ocrx_word' id='word_1_314' title='bbox 400 4554 478 4603; x_wconf 88' lang='lat' dir='ltr'><strong>enim:</strong></span> <span class='ocrx_word' id='word_1_315' title='bbox 496 4552 565 4632; x_wconf 67' lang='lat' dir='ltr'><strong>litae</strong></span> <span class='ocrx_word' id='word_1_316' title='bbox 581 4552 623 4603; x_wconf 77' lang='grc' dir='ltr'><strong>καὶ</strong></span> <span class='ocrx_word' id='word_1_317' title='bbox 640 4552 694 4615; x_wconf 72' lang='lat' dir='ltr'><strong>Erip.</strong></span> <span class='ocrx_word' id='word_1_318' title='bbox 712 4565 817 4616; x_wconf 66' lang='lat' dir='ltr'><strong>aaa,</strong></span> <span class='ocrx_word' id='word_1_319' title='bbox 835 4556 884 4604; x_wconf 85' lang='lat' dir='ltr'><strong>vid.</strong></span> <span class='ocrx_word' id='word_1_320' title='bbox 901 4572 940 4620; x_wconf 88' lang='lat' dir='ltr'><strong>pg.</strong></span> <span class='ocrx_word' id='word_1_321' title='bbox 959 4557 998 4605; x_wconf 76' lang='lat'><strong>59.</strong></span> 
     </span>
    </p>
   </div>
   <div class='ocr_carea' id='block_1_5' title="bbox 0 0 1642 5217">
    <p class='ocr_par' dir='ltr' id='par_1_6' title="bbox 0 0 1642 5217">
     <span class='ocr_line' id='line_1_38' title="bbox 0 0 1642 5217; baseline 0 0"><span class='ocrx_word' id='word_1_322' title='bbox 0 0 1642 5217; x_wconf 95' lang='lat' dir='ltr'><strong> </strong></span> 
     </span>
    </p>
   </div>
  </div>
 </body>
</html>
