3250 5217
807 425 871 488 176

128 647 134 655 ι
244 608 393 692 Legimus
424 607 543 670 malum
575 627 641 669 esse
673 626 836 670 servorum
864 624 982 689 genus,
1006 605 1111 667 ventu
1134 607 1193 669 soli
1217 604 1359 669 deditum
1384 603 1438 687 (fr.

246 714 323 800 50);
352 712 432 777 nihil
456 734 523 775 esse
548 711 710 776 molestius
735 733 832 795 quam
859 732 967 774 servos
990 711 1215 793 magnanimos
1237 710 1440 793 dominisque

244 819 393 885 fortiores
413 817 465 902 (fr.
488 819 548 893 49,
573 816 646 901 52);
670 819 723 882 sed
744 817 841 881 etiam
861 816 980 901 legitur
997 816 1157 881 sententia
1176 816 1233 880 illa
1252 838 1348 901 quam
1367 817 1438 879 lau-

244 926 318 991 davi
352 946 452 1009 quum
483 925 522 988 de
552 944 706 1007 generum
736 923 919 987 discrimine
952 942 1077 1007 agerem
1110 924 1176 1007 (pg.
1208 924 1305 1006 173t:
1327 944 1437 987 omnes

245 1032 391 1097 homines
423 1029 547 1113 origine
572 1049 706 1113 aequos,
732 1034 843 1113 postea
866 1029 1000 1093 libidine
1024 1030 1177 1094 discretos
1200 1051 1267 1094 esse
1290 1028 1343 1113 (fr.
1370 1029 1436 1114 53).

245 1138 368 1223 Magna
390 1139 497 1201 autem
522 1139 570 1199 est
592 1135 735 1219 quaestio
760 1157 837 1199 num
854 1135 931 1199 haec
950 1136 1047 1199 verba
1065 1136 1160 1199 etiam
1181 1139 1221 1199 ad
1240 1157 1346 1199 servos
1365 1156 1437 1219 per·

246 1244 390 1325 tineent3
416 1244 591 1305 esttamen
612 1240 679 1304 veri
699 1241 818 1318 simile,
840 1242 990 1325 quoniam
1012 1241 1047 1304 in
1067 1240 1176 1304 fabula
1195 1240 1385 1325 legebantur
1403 1241 1436 1304 in

246 1372 329 1434 qua,
361 1352 397 1411 ut
426 1347 581 1422 vidimus,
615 1349 653 1409 de
681 1347 778 1411 servis
802 1347 983 1431 saepissime
1006 1350 1076 1411 erat
1097 1368 1210 1411 sermo.
1247 1345 1438 1432 Congrunnt

247 1455 342 1519 etiam
367 1452 461 1537 pauci
483 1451 538 1515 alii
561 1451 631 1516 loci.
657 1451 694 1515 In
715 1452 793 1516 Ione
815 1453 894 1537 (854
914 1454 998 1537 sqq.)
1016 1453 1219 1536 paedagogus
1231 1454 1309 1519 dicit
1321 1476 1437 1518 nomen

247 1562 348 1625 solum
380 1558 479 1623 servis
508 1558 622 1642 pudori
652 1579 737 1642 esse;
765 1559 851 1643 quod
874 1560 915 1621 ad
939 1558 1002 1621 alia
1024 1559 1132 1623 omnia
1155 1560 1290 1637 attinet,
1312 1581 1437 1623 servum

248 1666 334 1749 frugi
365 1663 513 1747 ingenuis
544 1683 610 1741 non
641 1663 823 1728 inferiorem
855 1683 937 1740 esse;
971 1663 1012 1728 fr.
1040 1664 1239 1748 Melanippes
1264 1664 1361 1747 (515,
1386 1686 1437 1748 ap.

220 1771 224 1777 ’
248 1771 339 1838 Stob.
364 1772 416 1847 62,
443 1771 514 1849 38):
538 1769 654 1854 probos
678 1792 784 1834 servos
808 1770 937 1833 nomine
960 1791 1017 1833 suo
1037 1790 1103 1833 non
1123 1770 1299 1854 corrumpi,
1322 1769 1439 1833 multos

249 1878 335 1942 enim
352 1876 495 1941 meliores
515 1897 581 1940 esse
600 1897 694 1958 quam
717 1877 874 1959 ingenuos
894 1876 991 1960 (idem
1003 1874 1113 1939 Phrix.
1126 1875 1164 1938 fr.
1179 1876 1269 1960 828).
1294 1873 1437 1939 Nuntius

248 1984 283 2048 in
314 1981 439 2046 Helena
470 1982 548 2066 (728
579 1982 661 2064 sqq.)
694 1984 785 2065 optat
807 1986 846 2045 ut
865 1981 899 2045 in
923 1980 1095 2065 proborum
1119 2002 1282 2045 servorum
1305 2001 1438 2045 numero

248 2090 316 2173 ipse
339 2087 511 2163 habeatur,
536 2091 569 2151 et
593 2087 721 2150 nomine
743 2086 885 2171 ingenuo
909 2108 1019 2151 carena
1042 2090 1181 2151 mentam
1203 2090 1312 2151 tamen
1336 2090 1440 2153 servet

249 2196 424 2279 ingenuam
437 2192 474 2273 1).

294 2300 376 2366 Ecce
406 2303 445 2364 de
477 2298 624 2363 universo
656 2318 817 2364 servorum
842 2320 958 2384 genere
981 2300 1088 2365 variae
1110 2301 1287 2365 sententiae
1310 2322 1381 2365 oum
1404 2302 1439 2365 in

249 2408 366 2473 malam
396 2410 465 2469 tum
488 2405 521 2468 in
547 2403 665 2468 bonam
688 2410 823 2487 partem.
859 2404 1026 2479 Quomodo
1048 2405 1127 2471 haec
1150 2406 1363 2491 discrepantia
1383 2428 1444 2494 en·⁹

249 2514 398 2598 plicanda
421 2512 494 2575 est?
1436 2502 1440 2507 ’
1487 2508 1491 2513 ’

295 2620 465 2685 Servorum
486 2616 730 2681 Atheniensium
751 2616 896 2702 plerique
914 2618 982 2683 sine
1000 2618 1098 2682 dubio
1117 2618 1334 2704 impudentes,
1349 2618 1439 2683 inra-

250 2748 318 2804 ces,
351 2725 517 2789 mendaces
548 2726 657 2805 erant3
688 2723 873 2788 testimonio
897 2727 973 2789 sunt
990 2724 1216 2808 Aristophanis
1239 2725 1438 2801 comoediae,

250 2854 346 2917 quas,
378 2830 523 2915 quamvis
547 2828 649 2893 multa
672 2834 813 2913 augeant
836 2834 869 2895 et
892 2834 1105 2915 exaggerent,
1130 2833 1237 2895 tamen
1261 2852 1327 2895 non
1351 2830 1442 2894 omni

250 2939 383 3004 veritate
412 2958 518 3001 carere
547 2940 636 3019 puto.
674 2934 763 3000 Servi
786 2937 918 3001 omnino
942 2937 1026 3021 apud
1051 2936 1201 3021 antiquos
1226 2937 1307 3001 male
1332 2936 1441 3000 audie-

250 3046 347 3121 bant,
373 3064 431 3108 nec
455 3041 613 3107 Homerus
626 3038 755 3106 'frustra
779 3042 894 3107 dixisse
918 3043 1044 3108 videtur
1065 3041 1136 3121 (od.
1157 3042 1254 3107 XVII
1275 3043 1340 3106 322
1360 3044 1443 3127 sq.):

387 3150 503 3226 »ἥμισυ
527 3150 590 3228 γάρ
614 3148 644 3212 τ’
670 3150 780 3228 ἀρετῆς
805 3150 992 3213 ἀποαίνυται
1015 3149 1148 3228 εὐρύοπα
1173 3148 1249 3222 Ζεὺς

388 3255 499 3341 ἀνέρος,
525 3249 588 3319 εὖτ’
614 3252 652 3317 ἄν
675 3279 727 3331 μιν
752 3255 837 3319 κατὰ
862 3255 977 3319 δούλιον
1001 3250 1084 3335 ἦμαρ
1108 3252 1244 3336 ἕλῃσιν.”

297 3361 399 3439 Quare
430 3384 496 3426 non
527 3362 707 3424 mirandum
739 3364 787 3425 est
820 3364 963 3425 nostrum
992 3383 1119 3448 quoque
1142 3362 1313 3447 aliquando
1337 3365 1443 3428 totum

250 3491 354 3554 genus
384 3469 572 3552 increpasse.
610 3468 712 3532 Probe
743 3472 851 3532 tamen
882 3467 1002 3532 sciebat
1032 3468 1151 3532 multos
1181 3490 1289 3533 eorum
1321 3469 1444 3553 optima

250 3576 358 3640 indole
389 3574 550 3659 praeditos
582 3594 664 3659 esse;
691 3573 798 3657 itaque
822 3595 920 3657 quum
944 3573 1041 3638 talem
1066 3574 1224 3639 describat
1247 3596 1314 3638 non
1336 3578 1444 3659 potest

251 3682 331 3766 quin
354 3681 500 3745 observet
522 3702 574 3745 eos
599 3680 729 3743 nonnisi
753 3680 882 3744 nomine
903 3680 1053 3764 ingenuis
1072 3680 1238 3745 inferiores
1258 3703 1334 3745 esse.
1356 3680 1442 3745 Nus·

252 3810 347 3873 quam
361 3791 468 3852 tamen
481 3790 566 3871 apud
577 3807 649 3849 eum
661 3786 826 3870 perspicue
838 3786 973 3870 legimus
986 3787 1170 3851 servitutem
1184 3789 1318 3852 naturae
1325 3808 1444 3871 repug-

251 3914 349 3967 nare;
369 3893 431 3956 nisi
450 3893 482 3955 id
494 3892 533 3956 fr.
548 3891 591 3955 53
604 3892 681 3976 (vid.
694 3912 748 3976 pg.
763 3893 845 3979 Ι172)
857 3893 998 3956 indicare
1011 3893 1154 3956 voluerit.
1169 3892 1315 3958 Fortasse
1327 3894 1360 3957 in
1374 3916 1441 3957 eam

253 3998 447 4063 sententiam
468 3998 539 4062 ideo
560 4019 627 4061 non
647 3998 762 4063 incidit
781 3997 867 4081 quod
887 3998 1029 4082 plerique
1043 3999 1234 4063 Graecorum
1247 3999 1328 4063 servi
1341 4003 1445 4063 essent

252 4240 364 4291 educatus
381 4242 441 4289 arat.
458 4239 571 4303 Ignotum
589 4239 676 4288 fratres
693 4241 792 4298 vexant,
811 4254 870 4302 quos
888 4254 969 4289 omnes
986 4239 1117 4288 costamine
1132 4240 1213 4290 vindt.
1230 4240 1290 4289 Dein
1304 4240 1359 4290 dolo
1373 4239 1401 4289 ab
1416 4240 1446 4289 iis

252 4340 326 4390 paene
347 4323 488 4373 interiectus
510 4322 571 4381 fnit,
588 4322 635 4371 nisi
652 4323 784 4371 maeandra
800 4337 855 4370 eum
872 4321 1012 4385 agnovisset.
1040 4322 1106 4371 Haec
1122 4322 1148 4371 in
1167 4324 1296 4373 certamine
1313 4323 1390 4382 aerei,
1404 4323 1445 4388 qni

252 4404 404 4464 credebatur,
427 4405 528 4455 victoria
544 4404 717 4454 sententiarum
734 4403 951 4453 diversissimarum
968 4404 1096 4453 materiam
1112 4405 1229 4470 praebuit.

286 4488 313 4552 l)
329 4488 404 4536 Bonis
424 4488 499 4537 servis
519 4487 670 4537 dominorum
691 4487 754 4536 mela
767 4487 833 4536 cordi
847 4490 904 4536 aaut
919 4487 997 4547 (Med.
1014 4489 1045 4537 54
1060 4487 1115 4553 sq).
1133 4488 1182 4553 Ipsi
1199 4491 1319 4537 testantur
1335 4488 1447 4537 decorum

254 4584 303 4620 erse
321 4569 396 4619 sarvia
413 4584 457 4633 pro
474 4570 577 4619 dominis
594 4570 656 4619 mori
673 4569 740 4629 (Hel.
761 4570 827 4617 1640
843 4584 877 4632 aq.
897 4568 951 4633 Iph.
969 4569 1025 4619 Aul.
1044 4570 1113 4635 ala).
