3250 5217
800 443 863 507 174

233 624 429 709 temporibus
448 626 574 709 praeter
593 620 778 708 Euripidem
803 625 890 689 solus
901 623 1093 708 Lycophrcn
1106 624 1248 707 sophista
1268 629 1299 688 et
1317 624 1431 687 rhetor

232 730 415 815 Gorgianus
439 729 564 795 disertis
582 729 688 795 verbis
708 729 789 793 dixit
808 730 934 813 generis
955 730 1155 793 nobilitatem
1175 730 1278 812 specie
1298 733 1429 812 tantum

233 836 354 921 aliquid
375 836 496 913 valere,
522 835 644 899 nobiles
664 856 739 899 vero
762 834 803 899 ab
826 834 1001 899 humilibus
1024 856 1134 918 reapse
1157 834 1239 898 nihil
1259 833 1376 898 distare
1391 831 1445 919 ¹).'

233 942 335 1007 Zeller
366 944 432 1028 (pg.
468 942 569 1026 1007)
600 944 693 1025 putat
725 940 793 1005 eius
825 940 1017 1005 sententiam
1050 961 1181 1005 manare
1211 962 1231 1003 a
1253 939 1427 1024 sophistica

230 1048 379 1114 doctrina
409 1049 447 1112 de
479 1046 659 1113 discrimine
687 1046 778 1122 νόμον
803 1050 836 1110 et
858 1049 992 1125 Φύσεως.
1025 1046 1137 1110 Potuit
1159 1068 1236 1110 sane
1257 1045 1426 1130 Euripides

233 1176 270 1219 ea
302 1154 380 1231 niti,
409 1154 463 1217 sed
486 1154 593 1237 potius
618 1153 749 1217 mutatis
773 1153 892 1217 civium
917 1152 1096 1217 rationibus
1119 1152 1340 1217 ascribendum
1360 1173 1427 1216 esse

230 1260 380 1325 ¹existimo
403 1262 487 1345 qnod
512 1259 538 1323 is
561 1260 683 1343 primus
706 1262 772 1323 tam
797 1259 914 1323 diserte
937 1258 1018 1323 tales
1038 1258 1214 1322 sententias
1234 1257 1425 1322 enuntiavit.

280 1364 388 1450 Usque
412 1348 451 1429 ad
476 1368 613 1429 aetatem
638 1364 809 1429 Pericleam
834 1364 857 1427 ii
880 1365 981 1442 cives,
1005 1364 1060 1450 qui
1084 1385 1199 1448 genere
1221 1369 1314 1429 erant
1336 1364 1426 1449 prin·

230 1471 336 1556 cipes,
368 1471 464 1534 iidem
496 1471 632 1555 pecnnia
662 1470 836 1555 plurimum
860 1470 1044 1555 pollebant,
1068 1470 1145 1555 qnia
1168 1470 1253 1535 solae
1277 1491 1427 1555 agrorum

233 1577 444 1662 possessiones
467 1598 530 1640 rem
557 1575 744 1641 familiarem
765 1576 1014 1640 constituebant.
1040 1576 1206 1641 Praeterea
1229 1576 1263 1640 in
1287 1576 1426 1641 civitati-

234 1683 294 1747 bus
328 1704 437 1748 recens
468 1682 547 1747 ortis
578 1682 601 1745 ii
631 1683 715 1747 cives
739 1682 794 1767 qui
818 1682 931 1766 opibus
954 1686 987 1745 et
1010 1682 1156 1766 potentia
1178 1682 1295 1747 florent
1317 1704 1427 1748 revera

231 1788 341 1853 solent
371 1809 437 1852 esse
464 1786 598 1866 ἄριστοι,
623 1788 764 1872 corporis
789 1788 978 1852 strenuitate
1001 1787 1187 1872 ingeniique
1210 1789 1300 1853 cultu
1322 1789 1426 1853 excel-

234 1895 337 1959 lentes
352 1892 388 1980 ²).
411 1892 507 1957 Ortus
524 1893 716 1978 reipublicae
735 1893 942 1957 Atheniensis
960 1898 1034 1977 post
1053 1894 1199 1977 expulsos
1211 1894 1428 1958 Pisistratidas

234 2000 372 2084 bellique
394 1999 512 2065 Persici
533 2000 657 2064 labores
679 2020 732 2063 eos
756 1999 977 2083 firmaverant,
1004 1998 1136 2083 ingenia
1152 2004 1184 2064 et
1203 2020 1337 2085 corpora
1355 2022 1425 2065 eor-

230 2106 479 2183 -roboraverant‚
500 2128 602 2190 neque
620 2105 801 2190 opulentia,
823 2126 905 2190 qnae
924 2126 982 2190 pro
1002 2106 1155 2189 temporis
1166 2106 1291 2171 ratione
1304 2107 1427 2171 modica

235 2214 304 2275 erat
334 2215 366 2276 et
393 2213 546 2297 simplex,
570 2234 729 2297 quamque
752 2211 883 2296 insuper
905 2212 936 2275 vi
960 2215 993 2275 et
1015 2212 1112 2275 armis
1134 2213 1303 2278 defendere
1325 2215 1427 2279 coacti

235 2322 343 2396 erunt,
376 2320 549 2404 quidquam
584 2319 622 2383 iis
642 2318 761 2383 nocuit.
787 2318 834 2381 At
855 2320 930 2401 post
953 2318 1170 2401 memorabilia
1194 2318 1251 2383 illa
1273 2319 1356 2383 bella
1378 2319 1424 2384 fe·

228 2422 337 2487 ‘liciter
367 2427 496 2507 peracta
525 2426 558 2487 et
584 2446 634 2489 res
657 2429 763 2508 gestas
783 2424 819 2487 in
842 2422 955 2487 insulis
979 2422 1107 2488 Graecis
1129 2429 1162 2488 et
1185 2424 1263 2489 Asia
1286 2425 1425 2503 minore,

229 2530 350 2612 praeda
384 2528 542 2606 hostium,
579 2529 736 2594 sociorum
770 2529 910 2606 tributa,
945 2530 1169 2594 commercium
1202 2552 1273 2594 cum
1300 2530 1427 2615 populis

231 2634 384 2699 Asiaticis
415 2636 525 2700 omnia
556 2635 700 2699 luxuriae
731 2636 946 2699 instrumenta
976 2638 1184 2701 advexerant·
1204 2636 1346 2712 Quorum
1370 2640 1425 2702 de·

235 2739 316 2805 liciis
346 2763 445 2827 quum
475 2740 525 2805 vel
557 2740 697 2805 virorum
730 2742 933 2825 antiquorum
965 2741 1114 2806 nonnulli
1148 2746 1428 2828 corrumperentur

237 2848 269 2911 et
300 2847 568 2931 depravarentur,
596 2847 683 2911 velut
706 2847 882 2913 Pausanias
896 2848 940 2932 ³),
958 2850 1111 2933 juventus
1134 2871 1214 2934 quae
1237 2848 1344 2914 nullos
1368 2871 1427 2913 no·

228 2956 326 3017 serat
356 2952 497 3032 labores,
530 2953 635 3019 nullas
667 2954 851 3038 angustias,
884 2976 1058 3041 omnesque
1088 2976 1164 3039 opes
1187 2959 1314 3039 paratas
1336 2955 1427 3020 inve·

237 3114 420 3129 ,.....-......

399 3253 426 3302 ἓν
443 3256 522 3316 φῦλον
540 3252 666 3316 ἀνθρώπων
684 3252 723 3315 μί’
739 3250 819 3321 ’ἔδειξε
836 3255 931 3316 πατρὸς
947 3253 988 3303 καὶ
1007 3256 1102 3316 ματρὸς
1117 3252 1183 3317 ἡμᾶς

400 3334 482 3397 ἁμέρα
497 3336 558 3394 τοὺς
574 3334 685 3393 πάντας·
703 3333 782 3395 studete
798 3334 891 3402 ’ίξοχος
907 3335 987 3394 ἄλλος
1003 3335 1130 3398 ’ἔβλαστεν
1147 3335 1241 3397 ἄλλον,

310 3430 311 3433 ’
402 3419 487 3479 βόσκει
505 3415 532 3466 δὲ
550 3419 610 3475 τοὺς
627 3418 672 3479 μὲν
690 3421 764 3481 μοῖρα
781 3417 934 3480 δνσαμερίαα
951 3420 1012 3477 τοὺς
1030 3418 1054 3467 δ’
1069 3418 1147 3481 ’ίλβνς
1166 3418 1247 3480 ἡμῶν,

400 3501 460 3557 τοὺς
478 3498 505 3549 δὲ
522 3498 635 3559 δουλείας
653 3500 731 3565 ζνγὸν
748 3499 828 3564 ’ἔσχεν
845 3500 965 3564 ἀνάγκας.

266 3584 317 3647 ugo
332 3586 410 3632 tamen
428 3582 510 3632 dubito
528 3599 583 3632 num
602 3584 659 3632 haec
675 3584 710 3632 ita
727 3584 775 3633 sint
790 3584 972 3649 interpretanda
990 3583 1427 3648 utsignificentomneshominescsn·

167 3661 169 3663 ’
233 3666 285 3715 dem
303 3664 389 3714 habere
406 3665 522 3728 originem
540 3664 631 3729 sibique
646 3682 714 3730 pares
728 3681 783 3715 esse.
803 3666 868 3730 Quid
883 3666 928 3714 sibi
943 3665 996 3713 vult
1010 3664 1058 3725 μία
1071 3666 1165 3727 πατρὸς
1179 3665 1222 3714 καὶ
1236 3667 1331 3727 ματρὸς
1345 3664 1428 3728 ιὶμέρα

233 3749 311 3796 toturn
329 3763 402 3811 genus
419 3748 549 3796 humanum
567 3751 711 3812 procreans?
728 3748 849 3809 Bergkius
864 3747 891 3795 tr
905 3749 984 3809 φῦλον
999 3747 1095 3811 scripsit
1106 3763 1151 3812 pro
1160 3744 1184 3796 ἐν
1193 3746 1278 3810 φύλῳ,
1289 3750 1352 3813 quod
1363 3751 1428 3813 apud

233 3828 298 3878 stob.
323 3829 422 3893 legitur3
447 3831 488 3878 sed
511 3830 564 3878 vide
587 3845 616 3878 ne
638 3829 695 3879 haec
718 3830 750 3879 sit
765 3846 821 3879 sana
838 3813 922 3888 lectio,
940 3830 975 3877 ita
993 3834 1019 3878 ut
1036 3833 1115 3879 totum
1132 3831 1217 3894 fragm.
1233 3834 1324 3896 spectet
1339 3832 1429 3881 liberos

232 3910 333 3959 alicuius
351 3910 430 3960 herois
448 3911 602 3975 mythologici
620 3912 701 3976 polius
718 3927 788 3975 quam
805 3915 885 3960 totum
902 3928 976 3975 genus
995 3911 1135 3961 humanum.
1158 3912 1213 3961 Hoc
1229 3916 1293 3962 certe
1310 3929 1357 3962 non
1374 3929 1429 3977 per-

232 3993 312 4057 spicue
329 3996 397 4057 patet
414 4009 447 4055 gs
454 4009 489 4043 ne
499 3993 542 4043 ris
558 3994 719 4043 differentiam
734 3994 849 4059 spectart;
859 3994 931 4043 sortis
941 3994 1068 4042 discrimen
1076 3997 1171 4043 tantum
1180 3994 1309 4049 circinari
1318 3996 1427 4044 dixerim.

268 4077 293 4137 1)
315 4075 482 4125 Pseudo-Plnt.
507 4077 536 4125 de
560 4074 654 4128 nobilit.
679 4078 717 4126 18.
743 4078 770 4127 2:
796 4072 886 4134 ἐκεῖνος
902 4078 952 4138 γὰρ
970 4080 1011 4138 (sc.
1029 4077 1183 4142 Lycophron)
1200 4076 1429 4139 ἀντιπαραβάλλων

235 4155 328 4219 ἑτέροις
351 4156 455 4220 ιἰγαίνῖς
477 4155 568 4215 atsto,
593 4156 719 4220 εὐγενείας
741 4157 786 4219 μὲν
810 4153 865 4215 οὖν,
882 4156 970 4219 φησὶν,
988 4157 1081 4220 ἀφανὲς
1099 4158 1129 4207 τὸ
1147 4157 1255 4217 κάλλος,
1273 4156 1297 4208 ἐν
1315 4162 1382 4223 λόγῳ
1401 4158 1429 4209 δὲ

234 4240 264 4288 τὸ
283 4240 384 4300 σεμνὸν,
403 4238 435 4297 ὥς
451 4240 510 4301 πρὸς
528 4237 600 4305 δόξαν
618 4235 693 4289 οὖσαν
711 4239 756 4296 τὴν
774 4240 867 4302 αἵρεσιν
885 4237 978 4297 αὐτῆς·
996 4241 1064 4288 κατὰ
1082 4237 1105 4288 δ’
1121 4238 1237 4297 ιἰλῆίειαν
1255 4239 1324 4290 οὐδὲν
1342 4240 1429 4304 διαφί-

235 4337 322 4382 ροντας
339 4321 399 4379 τοὺς
417 4320 514 4384 ἀγενεῖς
531 4326 580 4371 ror
598 4319 709 4385 εὐγενῶν.

267 4404 292 4464 2)
319 4404 468 4468 Argumento
490 4408 526 4454 est
550 4405 636 4470 duplex
659 4420 739 4454 sensns
761 4404 923 4470 plurimorum
945 4402 1072 4455 verborum
1094 4422 1154 4470 quse
1170 4407 1264 4471 generis
1278 4407 1429 4459 nobilitatem

234 4486 354 4537 indicunt:
373 4482 475 4545 ἐσθλός,
492 4484 606 4549 εὐγενής,
623 4489 747 4550 γενναῖος,
764 4502 903 4551 generosus,
920 4486 1049 4551 ingenuus,
1066 4488 1129 4547 edel,
1146 4487 1216 4537 noble
1233 4493 1277 4539 cet.

267 4570 293 4635 8)
314 4570 350 4617 De
371 4568 529 4620 Themistocle
546 4569 606 4619 mihi
623 4585 708 4635 parurn
725 4573 834 4619 constare
850 4570 953 4623 videtur.
