3250 5217
812 391 857 455 32

281 586 463 672 Aliquando
494 590 602 652 tamen
633 591 700 651 tam
732 586 878 671 vulgaria
911 587 987 649 sunt
1018 586 1071 663 tlt
1097 589 1131 649 et
1153 584 1254 651 totius
1279 587 1450 651 dramatis.

237 697 397 760 structura
420 696 588 778 tantopere
609 692 699 757 humi
721 692 805 777 repit
829 692 937 756 utrix
957 692 1142 776 tragoediae
1156 692 1286 757 nomine
1298 692 1432 774 (lignum

236 802 390 867 videatur.
418 800 578 881 Pessimae
601 802 696 863 notae
720 801 796 863 sunt
818 797 945 863 Electra
962 802 995 862 et
1007 797 1152 877 Orestes,
1166 799 1280 863 deinde
1293 798 1433 863 Troades

239 910 272 973 et
304 906 539 973 Andromache.
570 905 755 989 Euripidem
785 904 878 969 facile
909 910 941 969 et
965 904 1033 968 sine
1059 926 1176 985 magno
1201 905 1311 969 labore
1334 904 1434 988 scrip-

240 1014 317 1079 sisse
340 1013 433 1077 credo
449 1013 472 1099 ¹)
499 1015 531 1075 ct
554 1011 712 1076 scribendi
733 1010 894 1075 velocitati
916 1012 1190 1095 praetermodum
1211 1010 1436 1095 indulgentem

237 1120 350 1204 jejuna
369 1118 431 1182 ista
450 1121 483 1181 et
506 1117 644 1181 absurda
668 1138 763 1202 opera
785 1116 1009 1200 composuisse.
1034 1115 1163 1181 Mallem
1187 1116 1357 1200 periissent
1376 1115 1437 1179 hae

240 1223 367 1289 fabulae
380 1227 404 1306 ¹)
431 1227 463 1287 et
486 1223 567 1287 aliae
589 1226 761 1307 quaedam,
786 1225 900 1287 contra
920 1225 1063 1286 servatae
1083 1221 1221 1286 luissent
1233 1220 1437 1298 Alexander,

241 1329 465 1407 Andromeda,
498 1328 657 1413 Antiope,
688 1326 972 1411 Bellerophontes,
1006 1325 1240 1412 Cresphontes,
1265 1326 1437 1411 Polyidus,

242 1437 453 1513 Protesilaus,
477 1435 656 1501 Phaethon.
681 1433 765 1499 Nam
788 1434 849 1499 hoc
872 1434 971 1518 probe
994 1437 1168 1499 tenendum
1181 1438 1246 1499 est:
1260 1436 1437 1499 ceterorum

242 1541 436 1627 tragicorum
460 1540 642 1625 tragoediae
666 1540 851 1625 superstites
874 1543 910 1603 ut
933 1539 1030 1623 longe
1041 1539 1196 1624 plurimae
1210 1562 1334 1604 summa
1345 1538 1438 1603 laude

243 1650 360 1733 dignae
380 1648 462 1724 sint,
483 1646 649 1730 utriusque
667 1650 789 1731 septem
807 1646 902 1709 modo
915 1649 1004 1731 sunt,
1019 1668 1091 1710 cum
1105 1646 1284 1711 dramatum
1297 1644 1440 1730 perdito·

243 1777 314 1819 rum
336 1774 408 1819 raro
427 1753 485 1815 fiat
505 1752 641 1828 menti03
662 1750 826 1835 Euripidis
846 1773 920 1816 vero
933 1752 1147 1836 septendecim
1161 1756 1290 1816 exstant
1301 1751 1344 1836 (si
1355 1749 1445 1816 exci-

244 1861 314 1945 pias
344 1859 483 1924 Rhesum
512 1862 545 1922 et
575 1858 779 1942 Cyclopem),
816 1858 994 1942 complures
1023 1862 1129 1922 autem
1153 1858 1324 1923 deteriores
1348 1856 1440 1921 nobis

245 1965 384 2030 servavit
402 1966 581 2048 temporum
594 1964 778 2048 malignitas
790 1986 887 2047 quum
900 1964 1078 2048 praeclaras
1090 1964 1207 2029 multas
1219 1964 1441 2049 interceperit,

245 2092 327 2155 quae
348 2092 414 2135 non
438 2070 541 2135 solum
564 2069 808 2153 Aristophaneis
832 2069 978 2134 ludibriis
996 2073 1052 2134 sed
1063 2070 1211 2134 maximis
1222 2070 1357 2134 aliorum
1369 2070 1453 2133 lau·-

246 2177 340 2242 dibus
363 2177 585 2240 innotuerunt.

292 2280 372 2347 Cum
395 2281 474 2366 ipsis
496 2300 705 2366 personarum
729 2280 870 2345 moribus
893 2281 988 2345 etiam
1011 2282 1107 2347 dictio
1128 2281 1441 2367 agrandiloqnentia

247 2388 422 2473 Aeschylea
454 2390 486 2450 et
519 2386 676 2471 gravitate
705 2385 882 2471 Sophoclea
914 2388 1078 2452 descendit
1107 2389 1147 2453 ad
1171 2388 1352 2472 quotidiani
1375 2408 1441 2451 ser·

247 2495 351 2558 monis
374 2493 583 2570 tenuitatem,
604 2494 790 2557 conservata
809 2496 918 2557 tamen
939 2499 1074 2559 venusta
1097 2494 1264 2559 dulcedine
1287 2498 1319 2559 et
1342 2492 1443 2578 polita

247 2599 413 2684 diligentia
426 2600 463 2685 ³).
488 2597 720 2683 Aristophanes
745 2599 781 2663 in
804 2598 905 2663 Ranis
926 2600 984 2663 sub
1002 2599 1153 2683 Aeschyli
1178 2620 1314 2684 persona
1333 2619 1442 2683 repre·

246 2705 359 2769 hendit
381 2704 559 2769 orationem
584 2708 621 2769 ut
642 2705 678 2768 in
701 2705 866 2789 tragoedia
882 2706 970 2790 justo
982 2705 1186 2770 humiliorem
1198 2709 1231 2770 et
1243 2705 1443 2780 molliorem3

245 2811 342 2896 idque
361 2811 434 2895 jure
458 2811 484 2875 si
507 2812 615 2874 omnia
638 2810 810 2895 separatim
827 2812 967 2896 judices,
994 2832 1076 2876 non
1101 2832 1174 2877 vero
1196 2813 1223 2877 si
1243 2815 1349 2876 totum
1361 2831 1442 2895 opus
1552 2832 1556 2836 ’

248 2939 313 2981 una
336 2916 571 3002 contempleris.
594 2915 678 2981 Nam

405 3022 450 3087 Et
470 3023 611 3107 tragicus
634 3022 821 3107 plerumque
843 3024 931 3089 dolet
953 3046 1099 3090 sermono
1121 3023 1260 3108 pedestri

407 3130 566 3215 Telephus
589 3133 621 3193 et
643 3129 775 3209 Peleus,
800 3152 873 3196 oum
896 3138 1018 3216 pauper
1040 3136 1074 3195 et
1095 3131 1169 3195 exul
1197 3134 1329 3215 uterque

407 3236 528 3301 Proicit
550 3236 706 3321 ampullas
730 3239 763 3301 et
786 3236 1018 3322 sesquipedalia
1043 3238 1156 3320 verba,
1203 3283 1206 3286 -

408 3343 443 3409 si
465 3348 555 3409 curat
576 3364 632 3408 cor
654 3344 828 3427 spectantis
850 3343 994 3428 tetigisse
1018 3344 1169 3428 querella.

249 3627 297 3661 nur
317 3610 404 3676 fertige
426 3609 572 3661 Charektcre
593 3610 736 3663 vorfdhrt”.
748 3650 753 3662 .
765 3649 787 3663 ..
811 3612 897 3676 quibas
912 3613 991 3663 verbis
1006 3614 1058 3663 sine
1075 3614 1148 3666 dnbio
1164 3616 1239 3683 magis
1257 3615 1400 3681 Aeschylum
1418 3618 1443 3664 et

250 3693 391 3758 Sophoclem
407 3696 498 3759 spectat
514 3708 585 3759 quem
601 3694 751 3759 Euripidem,
770 3695 887 3760 huiusque
905 3696 965 3745 artis
981 3696 1100 3747 rationem
1118 3702 1180 3749 tecte
1197 3700 1289 3749 landet.

284 3777 312 3842 1)
330 3777 368 3826 Ab
390 3776 434 3825 hec
456 3776 567 3842 opinione
588 3776 676 3841 depelli
697 3791 735 3826 ure
758 3792 807 3826 non
828 3778 908 3843 patior
924 3794 939 3827 a
956 3778 1056 3829 Valerio
1073 3781 1181 3829 Maximo
1198 3781 1316 3830 referente
1332 3778 1443 3845 (ΠΗ.

250 3858 274 3917 2,
301 3858 328 3923 1)
357 3858 494 3923 lluripidem
515 3858 643 3921 aliquando
666 3857 762 3908 ‚triduo
784 3874 832 3908 non
854 3859 920 3909 ultre
940 3863 990 3909 tres
1013 3877 1094 3911 versus
1117 3861 1220 3912 maximo
1236 3862 1344 3927 impenso
1361 3860 1442 3911 labore

251 3940 366 3989 deducere
382 3938 511 4006 potuisse’',
529 3942 554 3989 et
567 3939 618 3989 eius
633 3938 726 3989 fabulas
742 3944 850 3991 vocante:
873 3945 1013 3993 ‚onnetmte
1029 3943 1087 3994 etilo
1104 3943 1270 3995 elucubratum
1286 3943 1372 4011 opua”

262 4048 263 4053 =
285 4021 313 4087 2)
332 4018 524 4071 Pulcherrimum
536 4024 618 4071 temen
631 4026 667 4071 est
681 4023 775 4073 Orestis
787 4023 910 4073 exordium
925 4024 965 4074 ubi
974 4025 1069 4075 lllectm
1076 4026 1150 4076 fratri
1159 4043 1230 4091 aegro
1240 4026 1330 4077 assidet
1338 4028 1445 4093 primum

252 4104 396 4165 dormicmi,
422 4104 506 4153 deinde
532 4107 682 4169 experrecta
706 4108 732 4154 et
752 4106 833 4156 omnis
854 4122 914 4171 qnee
932 4111 1078 4173 sequuntur,
1096 4124 1144 4174 qno
1161 4109 1256 4174 longius
1272 4112 1397 4176 procedes,
1415 4126 1444 4159 eo

252 4187 315 4235 fiunt
333 4185 428 4237 viliora.

287 4270 314 4330 8)
332 4267 472 4316 Aristoteles
487 4283 543 4317 eum
558 4269 687 4333 aliqnando
706 4271 846 4337 Aeschylum
859 4288 973 4338 superare
985 4273 1121 4332 mutendit,
1137 4274 1180 4338 qai
1193 4274 1302 4339 qnnrnin
1311 4273 1446 4323 Philoctete

253 4346 362 4405 εὐτελῶς
381 4349 513 4415 scripsisset
530 4348 672 4413 φαγέδαινα
689 4349 711 4401 δ’
729 4351 745 4409 a
761 4369 808 4414 μου
829 4351 922 4415 σάρκας
940 4350 1015 4401 ἔαθί
1018 4370 1045 4403 ει
1063 4352 1150 4413 ποδός,
1167 4355 1307 4421 Euripidem
1324 4371 1371 4405 nne
1388 4370 1445 4405 voco

252 4433 353 4565 mutetq2
369 4433 452 4565 ἷαλῆς
477 4430 597 4497 scripsisse
621 4430 763 4507 φαγέδαινα
789 4432 812 4482 δ’
830 4433 910 4495 lipsa
927 4432 1008 4497 σάρκα
1033 4434 1184 4488 torvam
1206 4435 1288 4496 ποδός.
1305 4437 1385 4503 (roes
1403 4452 1443 4502 ῃ.

254 4515 320 4566 1458
387 4515 407 4581 ).
