3250 5217
786 391 829 456 35

254 575 307 641 Ad
339 575 399 639 hoc
430 594 531 658 genua
555 573 698 638 omnium
724 574 790 639 eins
815 573 995 638 fabularum
1020 574 1164 659 proxime
1187 574 1333 640 accedere
1356 573 1405 638 vi-

209 682 323 747 dentur
334 680 625 765 praestantissimae
637 680 819 763 tragoediae
832 679 944 745 Medea
955 684 987 745 et
997 680 1167 766 Iphigenia
1174 677 1404 768 Aulidensis¹);

209 788 263 853 sed
293 788 373 852 libet
404 786 483 851 mihi
509 786 542 851 id
567 786 651 871 quod
675 788 748 851 volo
772 787 835 851 alio
858 787 967 871 potius
989 786 1148 852 illustrare
1170 788 1324 873 exemplo.
1356 786 1404 852 De

208 893 371 978 Euripidis
402 891 530 957 Electra
562 891 749 958 Dindoriius
778 893 831 979 (de
855 893 922 958 vita
942 892 1021 958 Eur.
1044 915 1098 979 pg.
1124 894 1166 960 20.
1191 894 1252 962 col.
1273 894 1304 981 Ι)
1327 893 1405 958 haec

209 1001 324 1065 habet:
355 999 478 1064 »multo
509 998 620 1064 melior
647 1020 779 1064 evasura
802 999 934 1077 fuisset,
956 999 984 1064 si
1005 998 1175 1085 Euripides
1196 999 1348 1084 Aeschyli
1370 1000 1405 1063 in

210 1105 406 1191 Ohoephoris
429 1108 485 1169 aut
507 1103 672 1190 Sophoclis
697 1105 731 1170 in
753 1105 883 1170 Electra
907 1106 1086 1191 exemplum
1111 1110 1236 1171 secutus
1253 1109 1405 1173 essetnec

208 1212 300 1277 novis
329 1213 402 1277 illos
432 1212 572 1277 inventis
603 1234 751 1296 superare
781 1212 872 1277 irrito
896 1215 1014 1277 conatu
1038 1212 1243 1278 studuisset.”
1272 1212 1404 1297 inepte!

209 1318 336 1384 tertiam
369 1319 453 1384 enim
484 1318 644 1384 Electram
678 1320 740 1385 nisi
770 1341 900 1404 prorsus
931 1320 1089 1385 diversm
1119 1320 1215 1385 scribi
1237 1342 1303 1385 non
1326 1340 1406 1404 opus

208 1429 295 1502 erat3
317 1430 388 1490 turn
409 1424 595 1509 Euripides,
616 1446 697 1509 quae
716 1429 785 1491 erat
805 1426 871 1491 cius
890 1427 1014 1511 ingenii
1034 1426 1264 1511 discrepantis,
1277 1425 1405 1490 illorum

209 1532 344 1616 vestigia
375 1552 515 1616 premere
545 1553 585 1596 ne
608 1532 764 1617 potuisset
786 1533 927 1617 quidem.
951 1532 1045 1606 Haec
1061 1534 1227 1611 materies,
1250 1532 1312 1597 nisi
1335 1555 1405 1597 mu·

209 1640 295 1714 tata,
328 1638 394 1703 eius
427 1638 537 1704 Musae
568 1659 634 1703 non
661 1640 879 1704 conveniebat.
914 1639 949 1705 Si
971 1644 1078 1704 autem
1101 1640 1148 1704 ita
1166 1642 1290 1705 mutare
1309 1639 1406 1704 suati-

211 1744 332 1809 nuisset
350 1748 388 1809 ut
407 1744 534 1810 Orestes
554 1765 620 1810 non
641 1744 682 1809 ab
702 1745 770 1830 ipso
791 1749 850 1809 deo
869 1746 1092 1831 potentissimo
1112 1749 1166 1811 sed
1179 1746 1405 1812 autinsomnio

210 1852 267 1914 aut
289 1851 388 1935 patris
413 1852 525 1916 umbra
549 1850 589 1915 ad
612 1851 723 1915 matris
747 1852 874 1915 caedem
897 1851 1121 1936 instigaretur,
1146 1851 1213 1915 eius
1235 1852 1405 1936 trepidatio

121 1992 122 1999 κ
210 1959 243 2019 et
274 1956 431 2021 dubitatio
463 1962 554 2036 ante,
585 1978 748 2043 angorque
772 1958 984 2023 eonscientiae
1003 1962 1076 2043 post
1095 1960 1312 2043 perpetratum
1337 1981 1405 2024 ma-

211 2062 371 2126 tricidium
384 2064 411 2150 ²)
434 2064 531 2129 etiam
548 2064 752 2130 tarribiliores
775 2085 841 2130 esse
864 2069 896 2130 et
914 2065 1064 2149 justiores
1088 2064 1187 2129 videri
1209 2064 1408 2149 potuissent,

210 2171 244 2232 et
260 2168 322 2233 hoc
342 2170 435 2234 modo
454 2170 636 2236 institutam
653 2172 865 2257 praeclaram,
883 2171 1015 2256 opinor,
1034 2168 1228 2256 ingenioque
1243 2171 1405 2256 Euripidis

210 2276 542 2341 convenientissimam
567 2278 762 2362 tragoediam
788 2278 992 2357 haberemus,
1012 2276 1239 2363 Shahespearei
1260 2276 1404 2343 Hamleti

211 2403 330 2467 magna
351 2405 390 2447 ex
413 2388 504 2469 parte
526 2384 673 2450 similem.
1044 2452 1052 2469 ,

256 2491 299 2551 At
321 2490 458 2555 vidimus
479 2489 665 2576 Euripidem
682 2491 717 2554 in
737 2490 839 2555 initiis
858 2491 934 2556 novi
953 2491 1076 2556 itineris
1095 2490 1292 2567 substitisses
1312 2513 1403 2555 nam·

210 2616 271 2679 que
297 2596 365 2680 jam
392 2598 433 2661 ad
456 2596 535 2662 fines
557 2597 681 2682 ingenii
704 2597 829 2681 antiqui
841 2601 1029 2682 pervenerat
1042 2598 1088 2684 ³);
1101 2618 1168 2662 non
1190 2597 1295 2662 solum
1318 2598 1403 2663 enim

204 2801 268 2850 rung
288 2787 337 2835 und
353 2788 438 2837 darum
454 2787 521 2847 sind,
539 2803 612 2853 gagen
630 2787 792 2853 Shakcspearc
810 2788 936 2852 gehalten,
954 2788 1081 2852 Aeschylos
1098 2790 1147 2838 und
1164 2788 1295 2854 Sopholrlea
1312 2788 1404 2838 ansoll-

204 2866 331 2917 kommena
357 2868 636 2934 Entwickelungsstnien.
664 2869 745 2919 Allein
770 2870 813 2919 wie
836 2870 963 2936 Euripides
985 2886 1010 2919 es
1034 2871 1192 2920 unternimmt
1209 2871 1255 2920 den
1274 2872 1404 2921 Manschen

207 2951 366 3001 daraustellsn
393 2952 437 3001 aie
460 2968 486 3002 er
509 2953 554 3010 iat,
577 2952 635 3017 liegt
658 2953 728 3003 darin
753 2954 823 3003 mehr
849 2953 887 3002 ein
910 2953 1027 3017 logiacher
1043 2954 1092 3002 und
1110 2953 1135 3002 in
1152 2953 1274 3017 gessissem
1290 2954 1350 3002 Sina
1367 2953 1405 3002 ein

207 3033 406 3096 geschichtlicher
423 3036 458 3084 als
475 3035 514 3085 ein
532 3035 703 3085 dichterischer
723 3034 894 3085 rossensis&

243 3118 271 3182 1)
295 3118 375 3167 Huius
396 3118 591 3177 tundamentum,
615 3117 753 3169 Calchantis
777 3117 913 3174 oraculum,
932 3122 1012 3166 tamen
1029 3117 1127 3180 antiqua
1145 3117 1260 3181 religione
1277 3118 1364 3167 nititur
1381 3121 1407 3167 st

208 3199 374 3249 difficultatem
398 3200 474 3265 igitur
500 3200 605 3265 aliquam
627 3199 735 3265 praebet,
759 3215 842 3251 uerum
865 3199 955 3265 optime
979 3200 1067 3247 cadunt
1088 3199 1114 3247 in
1136 3199 1182 3249 hoo
1199 3199 1317 3249 recentius
1332 3215 1406 3263 genus

209 3281 315 3346 reliqua,
338 3282 364 3330 in
387 3280 472 3345 qsribus
494 3281 668 3331 nobilissimum
689 3282 874 3347 Agamemnonis
895 3284 919 3330 et
947 3281 1084 3346 iphigeniae
1109 3281 1255 3348 colloquium
1273 3297 1311 3330 me
1325 3280 1406 3343 judice

208 3364 378 3432 pulcherrimis
395 3364 517 3414 universae
534 3380 630 3430 poeseos
646 3365 745 3429 gemmis
762 3364 966 3415 adnumerandum
984 3367 1027 3413 cst.
1049 3364 1173 3428 Epilogus,
1191 3379 1262 3426 quem
1279 3363 1405 3422 habemus,

210 3448 318 3499 omnium
341 3462 455 3496 consensu
479 3447 575 3513 spurius
597 3451 643 3505 est;
667 3446 807 3511 quibusdam
829 3447 924 3495 videtur
941 3462 954 3494 a
971 3446 1022 3495 alio
1039 3448 1066 3494 ut
1083 3445 1188 3495 tabulam
1205 3445 1303 3495 omniuo
1320 3446 1408 3511 imper·

211 3533 296 3592 fectam
318 3546 399 3579 scenae
416 3530 603 3579 accommodaret
620 3529 725 3593 adjectus
741 3545 798 3579 esse.
815 3529 876 3594 Quis
893 3528 956 3577 dicat
972 3543 1030 3577 num
1047 3527 1173 3590 Euripides
1190 3528 1268 3578 ullum
1285 3528 1406 3593 epilogum

211 3615 298 3664 addere
322 3613 486 3672 constituerit,
514 3613 549 3661 ita
572 3615 600 3663 ut
624 3611 716 3662 tabulae
738 3614 810 3663 tinem
827 3612 915 3661 iaceret
932 3610 1058 3676 Iphigenia
1073 3611 1103 3660 ad
1121 3614 1224 3660 mortem
1242 3610 1407 3676 proficiscens?

212 3695 296 3760 (quem
316 3695 433 3744 rationem
450 3694 580 3743 Schillerus
596 3710 690 3759 quoqne
708 3694 837 3743 Teutoniee
854 3696 962 3751 sertem,
979 3697 1075 3742 secutus
1091 3693 1148 3757 est).
1164 3692 1204 3741 Sic
1217 3692 1320 3742 similior
1334 3691 1407 3741 etiam

211 3781 272 3827 esset
296 3776 376 3826 fabula
399 3776 570 3827 recentioribus
595 3776 732 3841 tragoediis.
756 3778 881 3841 Quantum
899 3791 912 3823 e
929 3778 1037 3825 setarum
1060 3774 1205 3823 testimoniis
1224 3774 1306 3838 colligi
1329 3776 1408 3839 potest

212 3861 285 3912 etiam
311 3860 455 3918 Alexander,
479 3847 643 3917 Andromeda,
660 3859 786 3908 Phaethon
802 3858 896 3908 fabulae
913 3857 954 3922 (de
970 3873 1073 3921 quorum
1090 3857 1237 3921 argumentis
1254 3874 1276 3907 a.
1295 3856 1408 3921 Dindors)

212 3942 343 3993 romantice
358 3942 460 4008 scriptae
474 3944 550 3992 crant.
570 3941 750 3991 EPhaethonte
759 3944 868 4007 superest
876 3940 1038 4006 pulcherrima
1047 3955 1122 3998 scena,
1131 3940 1158 3988 in
1166 3956 1213 4004 qua
1218 3938 1314 4002 juvenis
1322 3953 1409 4003 corpus

212 4027 310 4076 domum
324 4026 438 4083 affertur,
456 4026 539 4074 eodem
553 4024 668 4090 tcmperis
684 4028 804 4073 momento
822 4039 870 4088 qao
887 4038 901 4073 a
918 4023 998 4073 Charo
1015 4024 1041 4072 in
1058 4022 1110 4073 eius
1125 4021 1274 4072 matrimonii
1290 4022 1365 4087 (quod
1380 4036 1408 4069 eo

213 4109 264 4174 ipso
282 4108 320 4157 die
336 4107 517 4166 instituebatur)
533 4108 649 4156 honorem
667 4106 820 4171 Hymenaeus
837 4109 955 4155 mutatur.

248 4190 276 4255 2)
302 4190 374 4239 Nunc
398 4205 491 4253 quoque
516 4188 668 4239 uehementer
692 4187 786 4237 dubitat
802 4191 827 4236 et
844 4190 953 4253 peractae
969 4186 1047 4237 caedis
1064 4202 1118 4237 eum
1136 4186 1205 4235 valde
1219 4186 1339 4251 poenitet,
1354 4201 1408 4235 cum

214 4274 311 4321 Orestes
331 4272 478 4337 Aeschyleus
500 4274 524 4321 et
548 4269 693 4338 Sophocleus
716 4271 778 4321 nihil
800 4271 851 4319 iere
873 4269 997 4330 dubitant,
1023 4285 1066 4319 nec
1089 4273 1170 4333 postea
1186 4269 1282 4318 sceleris
1298 4268 1343 4318 sibi
1360 4268 1409 4317 sint

214 4370 309 4405 conscu

249 4438 276 4502 8)
294 4438 430 4489 Mommsen
452 4436 522 4487 ibid:
553 4438 617 4487 ‚Das
642 4434 788 4501 griechische
806 4434 957 4501 Transrspiel
975 4434 1062 4484 schritt
1078 4434 1123 4484 mit
1140 4433 1266 4499 Euripides
1283 4432 1342 4482 iiber
1358 4432 1409 4482 sich

214 4518 291 4567 selber
313 4520 398 4569 hinaus
423 4519 470 4568 und
495 4519 566 4568 brach
589 4518 639 4567 eleo
661 4533 806 4576 zusammen;
827 4516 883 4566 abar
900 4518 940 4565 des
957 4516 1179 4580 waltburgerliohen
1197 4516 1309 4564 Dichtms
1326 4514 1410 4578 Eriolg
