3250 5217
751 451 813 535 147

181 625 353 709 Praecepta
385 625 517 690 moralia
548 646 673 709 eorum,
702 626 861 709 quatenus
885 624 977 688 nobis
1000 624 1119 690 tradita
1142 627 1236 700 sunt,
1261 624 1376 708 optimi

180 730 331 815 cuiusque
355 732 546 797 Graecorum
572 730 725 796 doctrinis
750 731 952 795 adnumerari
976 732 1121 815 possunt.
1146 730 1288 814 Mythus,
1313 751 1375 816 quo

181 836 373 921 Protagoras
397 837 577 921 explicabat
599 836 711 903 Jovem
736 836 920 901 bominibus
944 836 1036 900 initio
1060 835 1214 900 infudisse
1237 836 1321 909 δίκην
1345 842 1377 901 et

182 942 253 1005 aloa
284 942 391 1025 (Plato
423 944 512 1007 Prot.
544 962 600 1027 pg.
627 940 848 1007 320D÷322
863 942 923 1027 D)5
956 942 1142 1026 purissimus
1173 945 1230 1009 est.
1265 942 1376 1027 Neque

183 1047 317 1133 Gorgias
341 1048 532 1133 et'Hippias
558 1049 739 1113 dissensisse
761 1048 921 1113 videntur.
945 1048 1070 1113 Prodici
1090 1052 1168 1111 nota
1187 1052 1264 1112 sunt
1282 1070 1375 1132 prae-

181 1158 272 1239 cepta
296 1154 430 1219 moralia
453 1154 651 1219 sanctissima
674 1154 821 1219 Herculis
844 1152 953 1218 fabula
974 1153 1136 1218 illustrata
1150 1152 1186 1239 ¹).

224 1258 287 1335 Qui
324 1262 454 1324 tandem
493 1261 612 1325 facturn
652 1266 700 1324 est
733 1265 768 1325 ut
798 1261 835 1325 in
872 1281 967 1325 omne
1002 1282 1115 1324 aevum
1140 1260 1229 1324 velut
1252 1282 1376 1325 morum

182 1370 380 1449 corruptores
412 1366 574 1451 despectui
605 1366 749 1430 fuerint?
784 1364 865 1441 Quia
888 1367 1036 1449 aequales
1059 1388 1125 1431 non
1148 1366 1378 1435 intellexerunt

183 1494 289 1537 eorum
321 1474 500 1551 doctrinae,
529 1472 676 1557 discipuli
704 1471 854 1537 nonnulli
878 1473 917 1536 iis
936 1473 1028 1536 abusi
1046 1476 1140 1549 sunt3
1161 1474 1236 1557 quia
1258 1473 1377 1557 injuria

182 1579 382 1663 disciplinam
418 1580 672 1665 philosophicam
704 1580 896 1644 constituere
928 1579 1139 1645 credebantur
1165 1583 1198 1643 et
1219 1580 1376 1645 recentio-

182 1702 230 1747 res
261 1684 403 1769 plerique
433 1708 540 1751 eorum
574 1686 736 1751 doctrinas
763 1684 999 1770 philosophicas
1026 1685 1186 1749 immerito
1213 1685 1252 1747 ad
1284 1706 1376 1769 prae-

183 1794 274 1874 cepta
298 1792 430 1856 moralia
451 1792 656 1857 rettulerunt.
674 1776 774 1855 'Plato
793 1792 833 1855 iis
852 1792 996 1855 omniurn
1015 1791 1152 1855 maxime
1173 1792 1301 1867 nocuit3
1322 1792 1377 1855 sed

183 1896 326 1962 Socrates
364 1898 549 1963 Platonicus
587 1919 653 1962 non
686 1898 789 1961 solum
821 1897 979 1988 sophistas
1010 1918 1119 1961 verum
1151 1918 1263 1961 omnes
1293 1898 1379 1961 viros

182 2002 329 2085 politicos
349 2007 381 2067 et
399 2025 509 2068 omnes
528 2007 639 2089 poetas
658 2025 756 2086 aeque
771 2004 917 2080 vexavit,
931 2024 1103 2085 omnesque
1116 2024 1218 2067 mores
1230 2002 1380 2086 vulgares

184 2109 422 2192 quaestionibus
453 2112 637 2195 exagitavit.
672 2109 783 2193 Neque
814 2110 850 2172 in
880 2109 941 2173 hac
965 2110 1152 2192 quaestione
1174 2108 1376 2192 praetermit-

184 2216 315 2279 tendum
344 2221 393 2279 est
424 2216 548 2280 nullum
573 2217 611 2280 de
635 2216 785 2299 sophistis
809 2218 850 2278 ad
874 2235 933 2279 nos
956 2214 1136 2298 pervenisse
1158 2213 1377 2277 testimonium

184 2321 245 2385 nisi
268 2324 353 2406 quod
377 2322 417 2385 ab
441 2323 601 2387 acerrimis
625 2321 812 2387 adversariis
835 2321 989 2385 traditum
1013 2320 1063 2387 sit.

228 2425 392 2502 Quatenus
412 2434 518 2492 antem
538 2428 760 2513 philosophiae
771 2427 966 2493 studebant?
978 2425 1049 2491 Duo
1061 2447 1168 2491 eorum
1183 2427 1377 2511 Protagoras

184 2538 215 2597 et
247 2534 383 2617 Gorgias
414 2535 650 2619 philosophicas
680 2537 918 2618 proposuerunt
941 2534 1119 2610 doctrinas,
1144 2533 1260 2617 quibus
1284 2533 1377 2616 quid-

182 2662 277 2723 quam
310 2661 382 2703 vere
413 2641 486 2705 sciri
516 2662 607 2726 posse
639 2640 812 2723 negabant.
846 2640 1037 2723 Protagoras
1060 2640 1144 2703 enim
1169 2640 1254 2704 hanc
1276 2639 1377 2726 expli-

181 2746 265 2810 cavit
284 2748 477 2811 sententiam
494 2746 568 2835 (vid.
583 2747 666 2812 Plat.
679 2746 843 2811 Theaetet.
857 2766 912 2830 pg.
929 2745 992 2809 152
1004 2745 1057 2828 A):
1071 2746 1194 2811 πάντων
1205 2747 1378 2827 χρημάτων

182 2852 290 2929 μέτρον
321 2851 470 2931 ἄνθρωπον
502 2849 595 2938 εἶναι,
631 2860 689 2917 τῶν
713 2854 770 2928 μὲν
793 2850 882 2917 ὄντων
904 2853 943 2923 ὣς
970 2851 1055 2928 ἔστι,
1079 2860 1136 2916 τῶν
1162 2852 1194 2916 δὲ
1218 2853 1261 2928 μὴ
1285 2850 1376 2916 ὄντων

182 2959 219 3028 ὥς
244 2959 298 3022 οὐκ
323 2954 399 3035 ἔστι,
425 2960 445 3025 i.
461 2980 507 3025 e.:
531 2958 612 3024 nihil
636 2961 755 3023 certam
777 2957 894 3021 habere
912 2960 1061 3021 naturam
1082 2957 1137 3021 sed
1155 2957 1189 3020 id
1209 2979 1275 3021 esse
1295 2958 1380 3040 quod

183 3064 295 3146 cuique
325 3063 479 3129 videatur.
505 3064 641 3148 Gorgias
665 3065 902 3148 disputaverat:
929 3062 1009 3126 nihil
1033 3084 1106 3125 vere
1129 3084 1211 3138 esse3
1235 3064 1263 3127 si
1286 3063 1379 3146 quid-

183 3192 279 3252 quam
299 3170 339 3233 sit
358 3171 392 3234 id
411 3176 518 3235 tamon
540 3171 690 3255 cognosci
711 3192 777 3234 non
797 3189 905 3253 posse;
931 3168 958 3233 si
977 3169 1127 3252 cognosci
1139 3170 1258 3252 possit,
1272 3172 1380 3232 tamen

184 3276 328 3340 oratione
352 3276 422 3340 aliis
447 3277 563 3360 exponi
586 3298 650 3341 non
676 3298 777 3360 posse.

230 3381 351 3445 'Verum
390 3382 592 3466 philosophia
626 3382 776 3466 sophistis
811 3382 944 3446 minime
978 3381 1143 3465 proprium
1175 3384 1253 3444 erat.
1289 3379 1381 3444 Nihil

186 3510 353 3552 commune
385 3489 547 3554 habebant
581 3490 642 3553 nisi
674 3490 912 3554 institutionem
940 3488 1128 3572 juventutis.
1172 3485 1253 3562 Quia
1283 3487 1383 3571 igitur

187 3614 252 3658 non
303 3593 391 3659 fuere
436 3595 618 3679 philosophi
665 3597 718 3660 sed
765 3599 1002 3679 praeceptores,
1051 3594 1190 3677 primum
1234 3596 1383 3676 quaestus

187 3719 294 3763 eorum
329 3700 410 3763 nibil
446 3700 524 3783 vile,
563 3701 642 3765 nihil
676 3701 793 3785 abjecti
828 3699 1022 3778 habebat²);
1060 3699 1175 3763 deinde
1210 3699 1383 3764 absurdum

219 3925 246 3987 l)
264 3923 341 3972 Zeller
359 3925 448 3972 Groteo
465 3922 594 3987 obloquens
611 3923 633 3983 (Ι
652 3939 689 3988 pg.
710 3923 775 3971 1004
793 3922 828 3970 ed.
848 3922 876 3986 3)
899 3925 969 3986 putat
986 3922 1010 3970 id
1028 3922 1119 3986 ipsum,
1137 3922 1201 3984 quod
1220 3923 1385 3985 praeceptores

185 4004 342 4063 exstiterunt,
359 4006 479 4054 declarare
494 4005 604 4068 antiquas
619 4004 723 4054 rationes
736 4004 839 4053 mutari:
860 4004 952 4052 „Hem
966 4018 1022 4052 man
1036 4003 1129 4051 einiach
1140 4005 1182 4051 der
1190 4003 1313 4066 gemeinen
1322 4003 1385 4051 Sitte

186 4104 215 4136 ru
232 4088 326 4151 tolgan,
342 4104 368 4137 sc
388 4092 466 4137 uitreo
486 4088 614 4137 besondere
632 4087 810 4150 Tugendlshrer
827 4087 991 4144 cutbehrlich,
1007 4086 1075 4149 jeder
1093 4087 1172 4134 warde
1191 4100 1237 4134 ron
1254 4085 1327 4133 selbot
1343 4101 1386 4133 aus

186 4168 239 4217 dem
263 4170 373 4219 Verkehr
399 4170 444 4218 mit
467 4170 547 4217 sciren
568 4168 736 4233 Angehdrigen
754 4170 802 4218 und
822 4169 963 4217 Belrannten
981 4168 1064 4216 lernen
1081 4182 1129 4215 was
1146 4183 1172 4215 er
1189 4182 1218 4215 au
1235 4167 1297 4216 thun
1316 4166 1384 4217 het”.

187 4250 295 4299 Primum
304 4253 384 4300 antem
393 4251 511 4316 sophistae
521 4266 568 4299 non
577 4250 706 4315 separatim
714 4250 830 4298 virtutem
839 4250 960 4307 docebant,
970 4250 1011 4298 sed
1019 4250 1071 4297 erat
1079 4248 1137 4296 haec
1145 4263 1202 4312 pars
1207 4248 1283 4296 totius
1290 4247 1387 4296 institu-

186 4332 266 4390 tionis,
274 4348 321 4396 qua
330 4333 401 4381 utiles
410 4334 472 4382 cirea
480 4333 650 4381 formarentur.
661 4332 754 4381 Deinde
763 4332 890 4398 populares
899 4331 966 4381 nulla
974 4332 1101 4395 parentum
1109 4330 1279 4378 consuetudine
1288 4329 1386 4377 ior-mari

187 4418 304 4478 poterant.
324 4416 384 4464 Tum
403 4415 468 4464 aliud
484 4423 519 4463 eet
533 4414 643 4478 vulgares
657 4429 735 4463 mores
750 4419 839 4462 temere
856 4414 937 4477 sequi,
955 4412 1021 4462 alind
1039 4411 1173 4475 intelligere
1188 4426 1262 4474 quare
1275 4410 1388 4475 sequendi

187 4498 249 4555 rint,
267 4498 372 4546 rationes
390 4513 472 4547 eorum
488 4501 623 4561 perspectas
640 4496 738 4555 habere,
756 4498 831 4560 deque
849 4496 886 4544 hie
902 4503 957 4560 apte
974 4498 999 4543 et
1015 4497 1099 4544 ornate
1116 4494 1230 4542 disserere
1247 4509 1321 4560 posse.

222 4580 247 4641 2)
265 4580 294 4628 Id
312 4581 374 4644 quod
395 4579 471 4628 Zeller
490 4595 584 4644 qnoque
601 4578 716 4627 coneedit.
