3250 5217
723 420 860 484 ·26

249 599 334 667 Nam
358 600 467 665 docuit
489 620 549 665 nos
572 598 751 665 fabularum
777 601 986 686 chronologia
1009 600 1119 686 (supra
1136 622 1165 665 c.
1178 598 1212 664 Π
1231 620 1286 685 pg.
1301 599 1345 666 16
1356 603 1441 689 sqq.)

246 729 317 773 eum
339 728 406 771 non
430 707 531 771 solum
551 728 615 791 qno
627 712 770 792 ternpore
782 709 887 793 primo
899 706 1081 791 tragoediae
1092 706 1233 770 animum
1248 706 1374 791 appulit
1385 709 1442 771 sed

245 837 302 901 per
326 815 463 899 amplius
483 814 600 897 viginti
620 835 723 879 annos
742 816 947 899 insequentes
968 815 1138 899 (usquead
1162 812 1333 897 Hippolyti
1344 814 1442 877 velati

247 922 524 1007 compositionem)
549 920 587 984 de
605 920 723 987 fabulis
743 922 969 1007 mythologicis
988 942 1054 985 non
1079 920 1172 984 aliter
1191 920 1441 1006 sensisse-atque

245 1028 412 1115 plerosque
435 1027 624 1111 aequalium.

293 1135 339 1201 At
365 1135 443 1200 haec
467 1134 542 1197 dum
566 1134 682 1197 iterum
707 1134 768 1200 hoc
791 1135 861 1201 loco
884 1155 988 1220 pono,
1011 1134 1079 1217 ipse
1101 1155 1204 1197 meam
1226 1132 1439 1197 temeritatem

246 1239 431 1325 reformido,
467 1241 500 1304 et
530 1237 609 1301 mihi
643 1261 744 1323 paene
775 1241 843 1325 ipse
873 1240 968 1304 fidem
992 1240 1132 1323 denego,
1157 1260 1227 1304 cum
1253 1238 1438 1323 praesertim

246 1368 358 1423 nemo,
382 1348 536 1429 quantum
557 1345 640 1421 scic,
660 1345 755 1411 huius
773 1348 831 1431 rei,
855 1348 890 1411 in
901 1345 1063 1430 Euripidis
1074 1348 1182 1409 tamen
1194 1345 1325 1429 ingenio
1338 1345 1439 1429 expli·

246 1454 349 1518 cando
370 1451 585 1535 gravissimae,
607 1452 764 1517 rationem
784 1453 940 1517 habuerit
955 1451 1165 1535 Euripidesne
1177 1472 1330 1534 umquam
1345 1450 1443 1520 fuerit

247 1558 377 1623 deorum
403 1556 506 1622 cultor
529 1558 601 1641 pius
624 1579 728 1641 neque
749 1558 956 1623 incredulus?
977 1556 1165 1622 Incredibile
1184 1577 1283 1641 prope
1303 1557 1438 1623 videtur.

246 1663 329 1728 Eum
354 1662 447 1727 nobis
472 1683 536 1726 non
558 1664 655 1727 alium
680 1667 756 1729 ante
779 1666 888 1730 oculos
911 1684 1089 1749 proponere
1111 1684 1281 1747 possumus
1292 1664 1354 1727 nisi
1364 1663 1439 1727 reli-

246 1770 375 1854 gionem
399 1770 564 1853 vulgarem
584 1770 821 1855 objurgantem.
839 1771 1056 1836 Nihilominus
1081 1768 1242 1833 conclusio
1254 1769 1312 1833 illa
1322 1769 1442 1832 tuenda

247 1880 302 1941 est.
326 1875 495 1941 Dubitatio
507 1876 739 1961 admiratioque
751 1878 823 1943 ideo
835 1878 977 1942 animum
990 1879 1161 1961 occupant,
1176 1877 1263 1960 quod
1273 1876 1441 1959 pleraeque

247 1984 429 2067 tragoediae
460 2004 498 2047 ex
530 2004 567 2047 ea
594 1986 699 2048 aetate
729 1989 872 2049 servatae
902 1987 995 2059 sunt,
1022 2006 1086 2068 qua
1107 1982 1295 2067 religionem
1318 1983 1440 2066 impro-

247 2088 361 2171 babat,
397 2092 430 2153 et
461 2111 531 2154 cum
560 2090 671 2154 ceteris
693 2091 892 2175 paucissimis
916 2090 1044 2155 confuse
1066 2090 1167 2153 lectae
1188 2088 1303 2153 falsam
1327 2110 1439 2172 perpe-

247 2196 320 2258 tuas
343 2194 517 2279 impietatis
542 2195 726 2283 opinionem
750 2196 843 2261 nobis
866 2196 1054 2262 attulerunt.
1079 2195 1141 2261 Sed
1152 2195 1305 2279 temporis
1317 2195 1441 2259 ratione

246 2300 418 2386 dispositae
441 2300 572 2365 meliora
596 2305 721 2367 docent.

292 2405 420 2491 Optime
451 2407 552 2490 igitur
581 2408 610 2471 ei
626 2408 801 2491 incipienti
822 2408 1034 2473 conveniebat
1055 2408 1133 2472 trIta
1156 2409 1217 2473 ria.
1242 2407 1305 2473 Sed
1330 2412 1441 2493 postea

246 2512 425 2597 vulgarium
458 2515 587 2579 deorum
619 2519 766 2579 naturam
796 2515 978 2599 improbare
1009 2516 1133 2599 coepit,
1157 2515 1245 2579 cuius
1267 2516 1314 2579 rei
1337 2515 1440 2600 prima

246 2619 300 2684 sed
323 2624 410 2685 certa
433 2620 551 2685 indicia
574 2621 777 2686 observamus
799 2622 894 2685 initio
917 2622 993 2686 belli
1016 2621 1289 2707 Peloponnesiaci.
1308 2620 1438 2686 Etenim

246 2725 508 2790 verisimillimum
539 2730 588 2790 est
618 2728 846 2811 cogitationes,
868 2749 950 2812 qnae
974 2728 1078 2793 adhuc
1095 2728 1131 2791 in
1152 2727 1216 2791 imo
1240 2730 1367 2811 pectore
1390 2726 1438 2791 la-

246 2832 391 2914 tuissent,
418 2834 547 2897 aduris
571 2833 807 2899 calamitatibus
831 2835 947 2919 quibus
959 2833 1172 2899 Athenienses
1183 2834 1441 2917 opprimerentur

249 2937 354 3001 subito
374 2941 501 3003 tantum
514 2940 748 3005 incrementum
761 2944 948 3027 tantamque
961 2941 1025 3005 vim
1037 2943 1194 3026 accepisse
1205 2944 1242 3004 ut
1253 2941 1319 3005 eius
1331 2939 1439 3005 animo

247 3064 372 3108 summa
400 3045 434 3109 vi
465 3048 498 3109 et
529 3050 615 3111 certa
635 3047 870 3131 significatione
893 3070 926 3112 se
947 3047 1156 3111 obtruderent
1178 3068 1281 3131 neque
1304 3048 1441 3132 amplius

245 3150 372 3215 reticeri
394 3156 534 3236 possent.
559 3153 671 3237 Pergit
690 3156 796 3217 tamen
819 3176 858 3218 ex
878 3155 990 3218 iisdem
1014 3152 1159 3218 fontibus
1182 3156 1372 3236 argumenta
1394 3153 1440 3217 fa·

245 3256 393 3321 bolarum
417 3257 562 3336 haurire3
587 3259 758 3325 absurdum
788 3262 874 3324 enim
900 3259 1012 3325 fuisset
1034 3264 1152 3324 temere
1171 3260 1438 3343 relinquerem,

246 3364 302 3448 qui
326 3364 449 3429 tamdiu
479 3386 513 3429 se
544 3365 639 3429 utiles
670 3366 912 3449 praestitissent.
942 3365 1051 3450 Ipsum
1079 3368 1185 3429 autem
1209 3365 1276 3429 veri
1299 3366 1439 3430 studium

248 3490 320 3533 eum
350 3470 464 3535 incitat
494 3475 531 3535 nt
562 3472 671 3535 eadem
700 3472 751 3536 via
774 3474 961 3557 perseveret.
987 3471 1102 3536 Procul
1126 3471 1221 3535 dubio
1246 3473 1345 3536 sentit
1368 3472 1439 3556 qui-

247 3575 318 3639 dem
355 3576 522 3659 paullatim
557 3580 713 3661 quantum
752 3578 919 3661 opiniones
954 3598 1029 3640 suae
1062 3577 1212 3641 materiae
1247 3600 1342 3661 quam
1378 3578 1439 3641 sibi

247 3684 448 3747 tractandam
472 3684 608 3768 sumpsit
630 3687 821 3769 repugnent,
845 3687 900 3748 sed
927 3686 1031 3747 tamen
1055 3683 1155 3746 animi
1174 3683 1280 3748 adhuc
1299 3684 1440 3747 incertus

245 3794 371 3868 manet3
396 3789 431 3855 iu
451 3789 562 3854 iisdem
586 3790 705 3875 mythis
729 3791 773 3854 dii
797 3812 862 3854 non
886 3810 958 3853 raro
980 3791 1060 3874 justi
1084 3792 1117 3853 et
1138 3791 1241 3854 saneti
1265 3793 1435 3875 apparent,

244 3895 291 3959 ita
326 3898 363 3959 ut
395 3917 461 3960 non
493 3896 611 3960 habeat
642 3918 698 3960 cur
728 3896 963 3960 venerationem
995 3896 1033 3960 iis
1064 3896 1208 3980 deneget.
1240 3896 1441 3981 Quapropter

247 4002 356 4066 eadem
380 4004 505 4066 tentare
530 4024 597 4065 non
621 4002 754 4077 desinit3
779 4006 813 4066 at
836 4000 960 4085 quoties
983 4002 1017 4066 in
1041 4002 1219 4067 tractandis
1243 4002 1360 4066 fabulis
1381 4024 1440 4066 an·

247 4109 345 4193 tiquis
367 4109 481 4173 incidit
503 4109 538 4172 in
562 4130 615 4172 eos
633 4108 720 4171 locos
744 4108 799 4171 ubi
822 4108 986 4173 fortissimi
1005 4112 1038 4173 et
1057 4108 1312 4173 innocentissimi
1331 4108 1441 4173 heroes

247 4214 468 4301 Olympiorum
493 4215 614 4279 invidia
629 4218 763 4298 pereunt
775 4262 782 4293 ‚
802 4215 1037 4299 indignationis
1049 4217 1209 4300 impotens
1221 4218 1317 4299 atque
1329 4216 1441 4280 ardore

245 4318 396 4406 abreptus
421 4321 578 4386 exclamat
601 4324 675 4385 deos
698 4325 764 4385 tam
789 4322 930 4407 impuros
959 4322 1064 4386 nullos
1088 4344 1164 4386 esse.

292 4428 430 4493 Multum
466 4428 557 4491 abest
589 4431 625 4492 ut
657 4448 716 4513 ego
751 4428 836 4492 hanc
866 4428 1117 4492 inconstantiam
1148 4431 1182 4491 et
1211 4428 1308 4491 animi
1337 4427 1439 4492 imbe-

247 4534 412 4600 cillitatem
436 4534 578 4618 probem.
603 4533 687 4600 Nam
712 4533 859 4618 Euripidi
883 4534 1074 4618 simulatque
1097 4554 1116 4598 a
1136 4532 1322 4618 vulgaribus
1334 4534 1439 4620 opini-
