3250 5217
806 442 870 505 160

241 624 419 691 tisfacieudi
453 622 565 687 octaris
596 622 707 688 officiis
737 624 897 688 humanis.
937 622 1003 688 Ubi
1029 622 1130 708 igitur
1159 645 1249 688 amor
1272 626 1339 687 tam
1363 642 1437 706 gra·

243 732 306 809 vis,
338 734 403 793 tam
443 727 612 793 vehemens
640 730 882 814 proponebatur
907 733 943 794 ut
970 728 1116 794 homines
1140 730 1265 795 ratione
1298 730 1439 814 privaret

244 856 497 921 magnorumque
520 834 677 898 malornm
700 857 795 900 causa
818 835 983 911 existeret,
1008 834 1186 919 periculum
1206 838 1275 899 erat
1294 834 1438 920 nequasi

243 946 381 1023 πρᾶγμα
402 940 643 1007 σπουδαιότατον
663 942 758 1005 etiam
770 942 910 1006 virorum
923 942 1048 1005 animos
1059 941 1131 1025 plus
1145 962 1246 1026 aequo
1257 944 1437 1026 occuparet.
1480 981 1484 985 -

289 1049 410 1125 Quibus
422 1048 577 1133 reputatis
589 1048 745 1112 assentior
756 1036 916 1131 Aeschylo
929 1046 1179 1131 Aristophaneo,
1188 1048 1243 1111 ubi
1255 1047 1438 1132 Euripidem

243 1158 463 1221 ostendentem
494 1176 527 1217 se
555 1152 681 1237 mythos
704 1153 776 1217 illos
799 1174 864 1217 non
892 1152 1087 1237 excogitasse
1111 1156 1164 1217 sed
1193 1154 1328 1218 traditos
1353 1176 1438 1218 rece·

244 1262 327 1347 pisse
349 1261 400 1325 his
422 1259 535 1331 verbis,
548 1258 666 1323 refellit
688 1258 783 1343 (Rau.
810 1260 926 1345 1053):

548 1365 624 1429 ἀλλ’
637 1366 845 1445 ἀποκρύπτειν
867 1367 928 1447 χρὴ
952 1366 986 1429 τὸ
1012 1366 1134 1447 ποιηρὸν
1158 1364 1209 1430 τόν
1232 1390 1273 1445 γε
1293 1368 1438 1444 ποιητὴν,

384 1472 435 1538 sal
460 1475 504 1550 μὶι
527 1472 682 1555 παράγειν
703 1473 782 1548 μηδὲ
806 1472 968 1551 διδάσκειν,

246 1584 343 1665 atquo
369 1580 451 1644 addo
471 1580 572 1643 multa
591 1600 672 1663 quae
691 1579 760 1643 siue
780 1599 865 1643 noxa
887 1578 951 1663 legi
975 1578 1099 1663 possint
1121 1585 1230 1646 tamen
1252 1581 1287 1645 iu
1312 1601 1440 1645 scenam

246 1690 374 1772 promta
397 1706 528 1763 nocere,
547 1684 621 1768 quia

429 1791 557 1875 segnius
579 1791 710 1855 irritant
732 1791 856 1856 animos
882 1792 1017 1856 demissa
1039 1814 1098 1877 per
1119 1815 1228 1872 aures,

428 1920 523 1982 quam
547 1919 627 1981 quae
651 1900 728 1961 sunt
749 1897 850 1962 oculis
871 1897 1013 1981 subjecta
1035 1898 1194 1965 fidelibus.

294 2008 360 2069 »At
383 2026 448 2068 non
472 2003 610 2088 tegendo
630 2002 762 2067 vulnera
782 2003 970 2081 sanantur”,
991 2002 1182 2089 Hartuugus
1194 2005 1396 2084 adversatur,
1408 2006 1442 2071 id

247 2111 368 2177 scilicet
388 2114 536 2195 spectans
560 2109 645 2193 quod
669 2108 837 2193 Euripides
860 2109 1039 2193 voluptates
1062 2109 1133 2173 illas
1151 2109 1281 2174 illicitas
1301 2110 1442 2195 plerum·

248 2239 309 2303 que
330 2217 462 2282 exitium
482 2218 636 2280 adducere
656 2216 741 2282 facit.
764 2215 836 2281 Hoc
857 2216 986 2280 nomine
1010 2220 1136 2299 poeta
1153 2215 1288 2281 fortasse
1300 2220 1442 2283 excusari

250 2328 373 2410 potest,
398 2360 439 2375 -
462 2319 630 2406 Euripides
653 2321 796 2405 profecto
822 2321 924 2386 noluit
948 2344 1050 2386 mores
1070 2324 1261 2405 depravare,
1282 2323 1356 2387 licet
1376 2347 1441 2389 non

249 2431 326 2495 satis
361 2428 532 2512 diligentm
565 2426 700 2493 fortasse
735 2428 926 2512 quaesiverit
956 2450 1033 2491 num
1065 2448 1179 2491 nocere
1210 2432 1340 2512 possent
1369 2429 1443 2511 illae

249 2536 395 2612 fabulae,
417 2572 458 2583 -
484 2555 591 2598 verum
616 2537 808 2617 poemata
831 2556 897 2599 non
921 2538 1126 2611 excusantnr3
1154 2535 1272 2619 quippe
1291 2534 1326 2598 in
1348 2536 1443 2599 rebus

250 2641 403 2706 Venereis
437 2638 570 2704 vulnera
600 2640 667 2724 tegi
696 2642 729 2703 et
760 2639 856 2705 celari
887 2642 1029 2724 praestat
1051 2663 1147 2724 quam
1171 2640 1323 2723 patefieri.
1357 2640 1441 2705 Nam

248 2747 365 2811 furoris
396 2746 645 2831 repraesentatio
675 2767 750 2809 vera
782 2751 814 2811 et
841 2747 881 2811 ad
908 2750 1055 2810 naturam
1081 2768 1229 2830 expressa
1252 2746 1312 2811 boc
1337 2746 1444 2810 differt

251 2854 291 2918 ab
315 2852 449 2917 aliorum
472 2852 668 2937 flagitiorum
692 2853 985 2936 repraesentatione
1011 2856 1097 2937 quod
1120 2874 1187 2916 non
1210 2874 1333 2937 semper
1353 2874 1443 2937 spec·

252 2962 371 3025 tatores
394 2962 533 3023 deterret
555 2981 596 3023 ne
618 2960 653 3024 in
674 2960 758 3024 idem
782 2961 968 3036 incurrant,
993 2980 1101 3023 rerum
1126 2981 1219 3043 saepe
1240 2960 1328 3043 capit
1346 2960 1444 3023 etde·

251 3066 342 3139 linit,
375 3066 525 3150 quoniam
556 3065 766 3149 proficiscitur
796 3067 837 3130 ab
865 3066 1032 3131 affectione
1055 3066 1198 3131 omnium
1227 3066 1441 3130 animantium

252 3176 385 3239 naturae
408 3172 546 3258 propria.
575 3171 694 3236 Malum
715 3172 832 3256 igitur,
852 3158 928 3255 quia
951 3170 1079 3235 foedum
1104 3194 1170 3236 non
1191 3175 1239 3235 est
1259 3174 1314 3236 sed
1334 3172 1441 3256 potius

252 3279 343 3344 dulce
373 3278 516 3355 videtur,
547 3278 740 3362 patefactum
772 3277 964 3362 contagione
986 3278 1079 3342 facile
1102 3279 1211 3363 serpit.
1241 3278 1333 3342 Adde
1356 3279 1443 3361 quod

252 3385 469 3451 calamitatum
492 3384 686 3449 successione
706 3388 900 3467 spectatores
921 3384 1083 3448 nonsatis
1104 3388 1323 3462 deterrentur,
1344 3407 1444 3467 quum

252 3492 348 3557 tacite
380 3491 439 3556 sibi
470 3491 603 3579 quisque
634 3492 822 3574 persuadere
846 3489 947 3555 soleat
969 3513 1002 3554 se
1025 3491 1060 3555 in
1085 3489 1182 3556 simili
1206 3514 1239 3555 re
1262 3491 1387 3555 ratione
1412 3494 1446 3553 et

251 3597 421 3683 prudentia
444 3619 496 3660 eas
518 3595 610 3660 facile
634 3597 827 3660 evitaturum
852 3596 958 3660 fuisse.

298 3718 418 3793 Quibus
448 3717 654 3781 consideratis
682 3716 893 3801 Aristophani
916 3718 1119 3782 consentiens
1143 3740 1209 3782 non
1233 3719 1344 3784 dubito
1368 3733 1468 3784 cons

255 3824 382 3891 cludere
408 3826 599 3908 argumenta
627 3822 683 3887 illa
716 3822 879 3900 Veneres,
915 3828 965 3887 tot
988 3823 1105 3888 fabulis
1130 3828 1283 3906 tractata,
1307 3827 1448 3911 amplam

259 3930 408 3995 habuisse
426 3928 591 3993 materiam
611 3929 651 3993 ad
664 3928 912 4012 corrumpendos
927 3929 1023 3993 etiam
1036 3928 1281 3995 Atheniensium
1295 3954 1397 3997 mores
1413 3938 1449 4015 ¹).

256 4168 379 4221 Carnicum
402 4164 488 4217 bacin
505 4180 531 4217 re
546 4164 622 4230 jocari
638 4164 768 4215 verisimile
788 4168 831 4215 cst.
853 4164 966 4231 Suspicor
985 4164 1028 4215 illo
1046 4169 1154 4232 tempore
1171 4170 1306 4217 matronam
1323 4182 1395 4217 unam
1412 4164 1450 4216 vel

255 4252 356 4301 alterum
372 4254 474 4301 mortem
492 4249 535 4299 sibi
552 4248 704 4308 conscivisse,
723 4264 825 4313 eumque
842 4248 914 4297 huius
928 4248 964 4297 rei
978 4248 1073 4313 culpem
1084 4247 1164 4312 jocose
1177 4249 1303 4299 insubulos
1310 4250 1451 4313 Euripidem

255 4333 372 4393 confarre3
392 4333 459 4382 velut
475 4332 547 4397 paulo
564 4334 632 4396 pust,
649 4330 691 4379 ubi
708 4345 774 4393 rages
791 4330 930 4395 Euripidei,
947 4330 989 4395 qui
1006 4331 1091 4395 pannis
1109 4331 1191 4381 vestiti
1209 4332 1452 4397 prodeunt,sffecisse

256 4416 369 4466 dicuntur
391 4418 418 4464 nt
442 4414 504 4464 cives
521 4414 607 4463 divites
624 4412 729 4463 vestibus
745 4413 848 4462 sordidis
867 4416 1033 4478 paupertatem
1049 4412 1190 4464 simulantes
1206 4414 1318 4479 liturgias
1335 4416 1452 4464 detrecta-

257 4502 326 4557 rent,
342 4498 406 4547 hsud
423 4496 492 4547 dubie
509 4513 603 4547 causam
619 4498 698 4546 oetan
717 4495 822 4545 subdidit
840 4496 876 4544 rsi
892 4510 940 4545 non
957 4497 1025 4545 fictae
1041 4497 1082 4545 sed
1097 4511 1189 4555 verse„

289 4582 318 4649 1)
337 4581 428 4631 Ixionis
444 4595 522 4630 mores
540 4580 577 4645 (in
593 4594 661 4641 cogn.
679 4577 770 4639 fabula)
787 4581 921 4627 narrantur
937 4577 1015 4642 (Plnt.
1033 4579 1098 4628 Mor.
1118 4596 1157 4644 pg.
1174 4580 1244 4641 lsh)
1258 4580 1453 4645 aspectatoribus
