3250 5217
817 413 859 476 12

281 593 330 659 De
359 593 655 658 Andromacha
684 595 826 658 diversae
857 598 934 659 sunt
965 596 1175 679 conjecturae.
1207 595 1266 659 Fix
1290 600 1323 661 ct
1347 597 1431 661 Her-

236 721 372 763 mannus
396 701 437 764 ob
461 700 622 776 convicia,
646 700 816 784 Spartiatis
835 700 936 779 facta,
961 697 1077 785 quibus
1096 704 1172 765 ante
1186 702 1294 767 omnia
1306 703 1433 767 fallacie

56 822 106 871 422
115 822 152 869 vel
161 821 209 870 421
236 805 395 889 objicitur,
432 806 492 871 hoc
526 809 637 870 drama
673 805 723 871 Ol.
760 807 837 883 89‚2
873 806 922 871 vel
947 809 967 871 3
994 806 1176 884 ascribunt,
1200 830 1264 893 quo
1290 812 1432 893 tempore

237 911 363 976 violatis
381 912 518 977 induciis
538 912 631 977 urbes
652 912 804 976 Thraciae
825 912 949 976 tradere
969 912 1135 979 nolebant.
1159 912 1431 980 Dindorfiusrero

236 1023 363 1103 sumpto
394 1021 584 1103 argumento
617 1041 633 1083 e
658 1040 765 1083 severo
790 1020 892 1082 metro
915 1018 1113 1083 canticorum
1136 1020 1247 1103 primis
1269 1020 1345 1085 belli
1368 1021 1428 1085 Pe·

56 1135 105 1183 428
115 1134 152 1183 vel
161 1131 210 1185 427
235 1124 452 1209 loponnesiaci
476 1125 569 1189 annis
593 1124 737 1203 ascribit,
768 1123 818 1188 01.
843 1126 921 1190 814
944 1124 996 1189 vel
1019 1124 1068 1192 01.
1094 1126 1190 1203 88,1,
1214 1128 1266 1191 cui
1287 1128 1431 1211 opinioni

236 1235 326 1295 vetus
362 1251 488 1314 quoque
523 1230 668 1295 scholion
702 1230 809 1295 terere
846 1231 1019 1315 videtur1).
1044 1230 1160 1295 Adhuc
1184 1232 1369 1316 subjudice
1392 1232 1432 1297 lis

152 1323 155 1327 ²
237 1340 301 1415 est;
338 1358 410 1401 cum
446 1357 506 1421 ego
540 1358 614 1402 roro
650 1336 781 1401 minime
812 1337 930 1421 judicis
964 1342 1071 1421 partes
1106 1338 1263 1422 suscipere
1297 1342 1430 1402 audeam
1505 1350 1508 1354 '

237 1450 399 1529 praestare
422 1444 549 1507 videtur
573 1442 833 1507 Andromacham
858 1464 924 1507 non
946 1443 1135 1508 arctioribus
1155 1444 1274 1508 finibus
1294 1444 1431 1509 circum·

56 1572 106 1620 aso
125 1574 149 1621 οι
166 1572 217 1621 cao
238 1551 375 1615 scribere
398 1572 493 1633 quam
518 1547 566 1612 01.
581 1549 659 1641 873
671 1550 704 1613 ct
716 1549 803 1625 89,4.

171 1670 221 1717 420
284 1656 506 1741 Supplices
530 1656 674 1719 omnium
694 1656 884 1741 conjecturis
902 1656 1106 1720 ascribuntur
1118 1656 1169 1720 01.
1183 1657 1260 1733 89‚4
1273 1676 1336 1739 quo
1349 1657 1431 1720 tem·

237 1784 314 1848 pore
338 1763 447 1827 foedus
470 1784 542 1827 eum
567 1762 697 1847 Argivis
721 1762 870 1826 adversus
890 1761 1060 1827 Thebanos
1079 1763 1177 1827 ictum
1190 1764 1431 1847 eratautpara-

238 1869 333 1933 betur
347 1867 386 1954 2).

238 2172 340 2222 similem
358 2172 552 2238 disceptationem
570 2186 614 2221 sno
632 2175 739 2237 tempore
755 2170 862 2221 habitam
879 2175 921 2220 ant
939 2187 976 2220 res
989 2172 1066 2235 gestas
1080 2169 1211 2234 respicere,
1226 2168 1431 2234 praesertimcum

238 2258 266 2305 de
292 2256 393 2305 duorum
419 2256 567 2305 exercituum
592 2254 685 2320 proelio
710 2270 788 2303 sermo
813 2254 858 2312 sit,
882 2254 1000 2303 Hercules
1023 2268 1079 2302 vero
1103 2265 1197 2316 semper
1219 2252 1284 2300 solus
1305 2255 1431 2317 pugnaret.

239 2340 378 2401 Numquam
401 2338 477 2401 magis
496 2338 619 2403 perspicue
641 2337 717 2387 eluxit
733 2337 913 2401 sagittariorum
930 2336 1024 2385 utilitas
1040 2350 1112 2399 quam
1130 2335 1155 2383 in
1173 2334 1264 2383 insulae
1281 2334 1433 2400 Sphacteriae

239 2420 425 2485 expugnatione,
451 2436 523 2483 quam
546 2420 608 2485 apud
631 2419 703 2468 Thuc.
729 2418 780 2485 (IV
794 2436 813 2467 c.
833 2416 1214 2482 32-38)e1p0sitamlegimus.
1242 2418 1333 2466 Narrat
1349 2421 1433 2465 auctor

240 2502 441 2566 locupletissimus
466 2503 546 2564 (33,2)
572 2502 677 2567 hoplitae
702 2501 900 2550 Lacedaemonios
925 2499 1044 2564 imprimis
1065 2497 1093 2547 ab
1119 2499 1298 2548 Atheniensium
1321 2498 1433 2548 velitibus

232 2584 343 2632 ,telorum
361 2584 516 2633 multitudine
533 2588 629 2633 vexatos
646 2585 676 2632 ad
693 2584 776 2632 salutis
792 2582 897 2647 inopiam
914 2582 1022 2630 redactos
1040 2596 1096 2629 esse.

274 2668 331 2716 dam
360 2682 474 2731 compone
502 2667 564 2731 apud
593 2667 666 2716 Thus.
691 2668 739 2725 (33,
763 2666 801 2729 2):
823 2664 966 2729 (Spartiati)
993 2665 1047 2720 τοῖς
1072 2662 1117 2723 μὲν
1143 2662 1262 2720 ὁπλίταις
1288 2662 1431 2727 (Athenien-

239 2750 301 2798 sium
324 2750 367 2813 sc.)
386 2747 430 2797 οὐκ
447 2745 594 2807 ἐδυνήθησαν
615 2750 751 2811 προσμῖξαι
762 2784 833 2797 .....
857 2750 881 2794 ol
901 2747 951 2810 γδιρ
975 2744 1047 2805 ψιλοὶ
1063 2743 1209 2806 ἑκατέρωθεν
1227 2743 1367 2806 βάλλοντες
1385 2741 1432 2806 εἷρ-

239 2848 297 2894 γον,
315 2830 358 2883 καὶ
376 2830 431 2892 ἅμα
449 2828 535 2879 ἐκεῖνοι
553 2829 597 2880 οὐκ
617 2830 759 2893 ιἰντεπζηοαν
777 2828 838 2877 ἀλλ’
856 2826 1003 2892 ἡσύχαζον,
1020 2844 1075 2877 cum
1093 2829 1163 2878 Here.
1182 2828 1199 2877 f.
1218 2844 1251 2876 vs.
1268 2827 1315 2876 lto
1331 2826 1432 2888 μυρίους

240 2912 341 2970 οἷο-τοὺς
366 2912 452 2975 ἀφεῖς,
476 2912 566 2970 ύλλοις
588 2912 618 2961 τδ
638 2915 712 2971 σῶμα
730 2908 814 2973 ῥύεται
832 2910 866 2971 μὴ
883 2909 1025 2968 κατθανεῖν,
1043 2908 1102 2967 ἑκδις
1120 2908 1143 2957 δ’
1161 2910 1279 2971 ἀφεστὼς
1296 2909 1432 2968 πολεμίους

240 2993 370 3055 ἀμύνεται.
397 2996 470 3045 Thac.
496 2996 567 3044 ibid:
593 2994 618 3042 οἱ
639 2990 830 3053 Λακεδαιμόνιοι
854 2990 898 3041 ούκ
923 2989 1040 3042 ἐδύναντο
1059 2990 1152 3041 διύκειν
1171 2990 1239 3040 ύπλα
1255 2988 1362 3054 ’ἔχοντες
1377 3008 1432 3040 curn

240 3094 273 3126 vs.
300 3079 348 3126 190
373 3077 430 3139 ἀνὴρ
458 3077 564 3135 ὁπλίτης
590 3074 677 3133 δοῦλός
701 3072 758 3123 ἐστι
781 3080 831 3123 τῶν
854 3075 943 3125 ύπλιον.
971 3077 1099 3125 Praeterea
1115 3077 1189 3125 Thac.
1208 3077 1249 3133 34,
1266 3075 1282 3123 2
1300 3073 1388 3135 ἷύπορύν
1403 3091 1433 3122 τε

240 3156 267 3215 δην
293 3157 352 3207 ἰδεῖν
370 3161 400 3208 rt
418 3160 462 3221 πρδ
480 3158 560 3207 αὑτοῦ
578 3156 625 3206 ύπδ
644 3160 693 3205 τῶν
711 3156 874 3222 τοξευμάτων
892 3157 936 3206 καὶ
951 3157 1022 3207 λύύιον
1037 3157 1087 3207 ἀπὸ
1103 3162 1204 3207 πολλῶν
1220 3154 1347 3218 ἀνθρώπων
1364 3157 1432 3216 μετδι

241 3244 286 3289 τού
304 3245 428 3303 κονιορτοῦ
446 3242 501 3302 ἅμα
517 3238 653 3303 Φερομένυν
670 3244 694 3289 et
712 3257 744 3289 vs.
762 3241 810 3289 198
829 3240 964 3301 πολεμίους
979 3238 1102 3301 ἀμύνεται
1118 3241 1226 3302 τυφλοῖς
1240 3235 1432 3299 δρῶνταςούτύ-

240 3340 288 3381 τας
306 3321 444 3390 τοξεύματι
465 3324 568 3372 similem
585 3324 634 3371 fere
653 3324 814 3373 confusionem
832 3323 945 3372 indicant.

274 3408 341 3455 Haec
357 3409 482 3471 tantopere
499 3406 650 3455 consentiunt
668 3409 755 3455 utnon
772 3406 853 3470 inepte
869 3406 944 3469 possit
961 3405 1041 3467 colligi
1056 3407 1150 3469 poetam
1159 3406 1266 3451 nostrum
1276 3403 1306 3451 ad
1314 3418 1433 3452 commen·

241 3491 345 3539 dandum
362 3489 542 3553 sagittariorum
560 3504 628 3538 usum
646 3492 738 3538 motum
756 3504 805 3537 esse
814 3487 900 3552 proelii
913 3486 1103 3552 Sphacteriensis
1118 3483 1434 3550 expositionibnsatestibus

240 3572 378 3637 nuperrime
395 3572 481 3620 allatis.
498 3573 642 3635 Sequeretur
659 3574 686 3621 ut
702 3572 747 3620 hoe
764 3571 846 3619 drama
863 3569 934 3632 paulo
951 3572 1004 3632 post
1020 3568 1059 3616 Ol.
1076 3569 1135 3627 883
1149 3568 1182 3615 sit
1198 3570 1291 3627 actum,
1306 3584 1354 3631 qno
1370 3572 1433 3617 tem-

166 3639 224 3707 Ι425
241 3670 299 3720 pore
317 3653 478 3704 recentissima
496 3657 547 3702 erat
564 3653 677 3702 victorias
695 3654 831 3717 reportatae
849 3650 976 3707 memoria,
995 3649 1076 3713 itaque
1092 3648 1164 3697 huius
1183 3648 1325 3713 significatio
1348 3649 1433 3714 gratis·

239 3738 299 3785 sima
316 3736 487 3801 spectatoribus
504 3752 553 3784 esse
570 3735 659 3785 debuit.

275 3820 335 3867 Cum
359 3833 413 3868 mea
436 3816 571 3880 conjectura
594 3820 674 3866 tamen
698 3816 783 3865 leviter
800 3815 919 3879 discrepat
940 3812 1075 3861 Hermanni
1092 3812 1131 3860 lex
1146 3813 1245 3861 metrice
1263 3829 1310 3877 que
1327 3812 1433 3863 adhibita

242 3902 314 3950 Herc.
333 3902 349 3949 f.
368 3902 396 3949 ad
414 3900 532 3964 posterius
549 3902 643 3963 tempus
659 3898 805 3947 revocandus
823 3896 926 3945 videtur.
943 3896 1014 3944 Hanc
1030 3909 1083 3943 rem
1100 3895 1229 3943 decernant
1245 3895 1293 3943 riri
1312 3896 1383 3944 docti.

275 3984 300 4042 1)
317 3983 354 4031 Ad
380 3998 412 4029 vs.
440 3983 500 4030 445:
525 3978 654 4042 φαίνεσθαι
677 3975 854 4041 γεγραμμένην
874 3973 899 4025 ἐν
917 3976 984 4040 ἀρχῇ
1002 3978 1049 4024 τού
1066 3978 1297 4032 Πελοποννησιακοῦ
1314 3974 1435 4037 πολέμου.

242 4064 355 4114 Ceterum
383 4063 504 4111 Dindorfio
530 4062 647 4127 astipuler
672 4076 733 4110 vana
755 4060 852 4125 putanti
874 4063 1015 4123 argumenta
1037 4057 1243 4123 eSpsrtiatarum
1260 4058 1436 4123 vituperatione

242 4148 333 4212 petita:
348 4146 453 4210 primum
469 4145 577 4194 fallaciae
594 4144 686 4193 crimen
703 4141 876 4209 provocabatur
893 4141 999 4190 Menelai
1016 4142 1084 4199 dolo,
1102 4139 1240 4203 tabulaeque
1257 4140 1303 4206 ipsi
1320 4144 1437 4206 aptnmet

243 4228 446 4277 accommodatum
471 4237 519 4285 est3
543 4231 595 4278 tum
615 4226 666 4289 jem
683 4226 761 4275 multo
779 4228 834 4274 ante
850 4225 934 4273 foedus
950 4224 1009 4272 illud
1026 4223 1142 4272 violatum
1161 4222 1356 4271 Lacedaemonios
1373 4223 1436 4289 alind

244 4311 399 4360 Athenienses
420 4309 527 4359 fallaciae
541 4309 715 4358 existimatione
732 4308 809 4357 teneri
827 4308 895 4356 testis
912 4310 947 4355 est
965 4306 1057 4355 Herod.
1075 4306 1112 4353 lx
1131 4306 1175 4352 54:
1193 4304 1219 4352 ot
1233 4303 1354 4360 Ἀθηναῖοι
1364 4341 1435 4353 .....

244 4390 407 4452 ἐπιστάμενοι
425 4392 460 4440 τδι
477 4388 678 4451 Λακεδαιμονίαν
696 4386 844 4453 φρονήματα
860 4386 892 4445 etc
909 4386 979 4436 Σύλλα
995 4388 1142 4449 φρονεόντων
1160 4383 1203 4434 καὶ
1216 4382 1286 4433 litha
1304 4388 1435 4447 λεγόντοιν.

277 4477 304 4539 2)
323 4474 402 4523 Pallas
429 4474 520 4522 Athene
546 4474 570 4522 in
587 4475 639 4521 tine·
651 4472 766 4521 dramatis
783 4472 900 4520 Theseum
917 4470 985 4533 jubet
1002 4470 1130 4517 Adrastum
1145 4466 1302 4530 jurejurando
1318 4468 1437 4516 constrin-

244 4575 299 4630 gere
325 4573 354 4607 ne
381 4571 494 4627 nmquam
522 4555 606 4624 Argivi
627 4554 810 4605 Atheniensium
833 4552 920 4604 tinibus
942 4552 1032 4601 bellum
1052 4550 1157 4599 inferant
1179 4551 1221 4597 aut
1243 4548 1302 4597 alios
1318 4549 1343 4597 id
1360 4550 1437 4597 tacere
