3250 5217
812 378 875 441 112

588 667 604 750 ἕ
628 666 660 730 4.
692 664 753 731 Dii
775 666 919 731 scelernm
942 679 1090 732 amores.

290 864 394 941 Quum
412 864 512 949 igitur
531 863 624 948 probi
643 863 678 926 in
691 884 785 928 scena
797 862 971 948 Euripidea
983 861 1205 947 Olympiorum
1217 862 1440 928 infirmitatem
1575 909 1578 914 <

244 973 469 1055 levitatemque
497 970 658 1035 liberrime
691 969 921 1054 reprehendere
954 969 1096 1048 soleant,
1121 970 1260 1056 improbi
1283 993 1354 1035 eam
1374 969 1439 1034 cal-

246 1079 310 1144 lide
332 1079 368 1142 in
392 1100 484 1142 suum
510 1099 601 1140 usum
621 1078 824 1141 convertunt.
850 1075 1009 1140 Humanis
1031 1076 1121 1140 enim
1140 1075 1272 1161 flagitiis
1291 1077 1440 1141 coelitum

247 1186 312 1251 sive
335 1184 400 1249 vim
420 1184 485 1250 sive
508 1183 686 1268 exemplum
712 1186 744 1247 et
767 1182 989 1246 auctoritatem
1013 1184 1239 1266 praetendunt.
1264 1182 1350 1248 Nam
1369 1182 1442 1267 quis

124 1356 127 1363 ,
247 1291 307 1355 diis
341 1288 485 1354 resistere
515 1288 641 1374 possit?
671 1290 713 1353 Et
745 1288 772 1350 si
802 1309 843 1352 ne
875 1287 923 1351 illi
953 1288 1081 1372 quidem
1104 1287 1285 1372 voluptates
1309 1288 1443 1353 vincant

248 1397 302 1462 sed
320 1396 360 1461 iis
377 1395 569 1479 indulgeant
587 1394 676 1459 omni
694 1394 779 1459 vitae
800 1393 968 1458 sanctitate
990 1394 1154 1479 neglecta,
1174 1395 1333 1479 quomodo
1345 1394 1378 1458 id
1389 1394 1441 1458 in-

247 1502 375 1567 firmum
406 1522 507 1586 genus
539 1500 715 1565 humanum
746 1500 849 1584 possit
880 1498 1028 1584 assequi?
1053 1499 1092 1565 In
1116 1500 1294 1586 Hippolyto
1317 1502 1441 1585 (433-

248 1609 328 1694 481)
361 1608 472 1672 nutrix
502 1606 681 1671 Phaedram
705 1610 816 1671 monet
838 1611 875 1671 ut
897 1607 997 1671 amori
1019 1606 1131 1671 illicito
1155 1606 1339 1693 indulgeat3
1364 1630 1440 1672 nam

247 1716 355 1780 insani
382 1735 448 1779 esse
478 1712 598 1778 Veneri
629 1712 772 1778 resistere
800 1711 956 1789 voluisee;
982 1734 1083 1797 neque
1108 1713 1141 1778 id
1164 1712 1279 1779 Jovem
1300 1713 1442 1797 potuisse

248 1821 299 1887 vel
323 1820 460 1906 reliquos
483 1822 575 1897 de0s;
600 1840 654 1884 cos
677 1841 717 1884 ne
741 1823 873 1884 conatos
896 1819 1024 1903 quidem
1047 1840 1115 1885 esse
1137 1821 1193 1884 sed
1212 1841 1313 1904 aequo
1333 1819 1441 1884 animo

251 1950 284 1993 se
307 1926 394 1992 vinci
416 1948 525 2011 passos
547 1925 721 2010 tranquille
744 1924 850 1990 adhuc
872 1924 907 1993 in
931 1924 1018 1989 coelo
1041 1924 1200 2011 habitare,

706 2032 762 2097 »οὐ
787 2032 850 2111 γὰρ
874 2029 954 2097 ἄλλο
978 2031 1060 2106 πλὴν
1083 2027 1201 2112 ὕβρις

450 2136 521 2203 τάδ’
546 2138 629 2221 ἐστὶ,
654 2138 780 2214 κρείσσω
805 2137 954 2217 δαιμόνων
979 2133 1057 2203 εἶναι
1081 2139 1210 2207 θέλειν”.

294 2248 355 2331 Pg.
393 2246 457 2310 104
485 2244 621 2310 vidimus
652 2244 808 2311 Theseum
841 2245 953 2309 iisdem
984 2245 1049 2309 lere
1079 2246 1276 2331 argumentis
1307 2246 1439 2311 Herculi

248 2353 436 2439 persuadere
470 2350 580 2415 conari
616 2373 657 2416 ne
691 2350 785 2415 caede
820 2350 993 2416 liberorum
1023 2352 1120 2416 nimis
1155 2352 1262 2417 animo
1293 2356 1440 2437 angatur.
1479 2402 1483 2407 .

248 2458 372 2524 Helena
404 2458 438 2521 in
462 2456 577 2521 Troed.
605 2457 680 2541 (941
707 2458 790 2540 sqq.)
814 2458 952 2520 testatur
974 2457 1121 2522 Paridem
1146 2457 1294 2543 Spartam
1318 2458 1440 2523 venisse

249 2588 321 2632 cum
345 2563 567 2651 potentissima
590 2564 649 2628 dea
673 2563 773 2628 socia:
798 2563 832 2627 »i
854 2566 888 2628 et
906 2564 947 2628 ab
960 2564 1016 2628 illa
1034 2586 1154 2650 poenas
1172 2588 1260 2631 sume
1279 2587 1342 2651 quo
1356 2565 1439 2631 Jove

249 2673 390 2757 superior
430 2670 507 2749 lias,
550 2670 605 2755 qui
648 2691 758 2735 omnes
797 2671 872 2735 deos
914 2670 976 2735 sibi
1009 2672 1169 2755 subjectos
1204 2672 1317 2749 habet,
1353 2673 1440 2738 illius

248 2801 322 2845 vero
344 2779 411 2864 ipse
436 2798 545 2843 servus
568 2776 648 2841 est”.
668 2776 868 2860 Eurystheus
889 2777 924 2841 in
944 2777 1186 2843 Heraclidarum
1207 2778 1270 2843 fine
1288 2778 1438 2845 saevitiae

249 2907 324 2950 suae
347 2884 473 2970 culpam
496 2884 530 2948 in
554 2883 654 2948 solam
678 2882 841 2948 Junonem
865 2884 989 2948 confert
1013 2884 1117 2969 (990).
1153 2888 1190 2948 ln
1214 2884 1441 2950 Andromacha

248 2991 416 3057 Menelaus
438 2989 533 3056 Peleo
557 2992 730 3074 respondet
752 2987 907 3054 Helenam
932 3011 998 3054 non
1023 2990 1108 3055 ultro
1132 2993 1187 3054 sed
1209 2990 1438 3056 immortalium
1540 3020 1543 3025 ·

249 3097 416 3164 voluntate
436 3095 649 3161 ›laborasse’'.

296 3203 356 3269 His
391 3224 517 3288 quoque
551 3202 807 3267 excusationibus
843 3202 952 3267 subest
985 3202 1093 3287 opinio
1127 3202 1184 3266 illa
1214 3204 1282 3288 jam
1316 3204 1440 3289 saepius

249 3312 496 3375 commemorata
526 3311 600 3373 deos
631 3312 777 3391 oportere
803 3330 900 3393 puros
931 3329 1011 3386 esse;
1038 3308 1133 3393 idque
1157 3310 1277 3394 optimc
1299 3310 1439 3375 illustra·

250 3420 303 3480 tur
337 3414 460 3479 ratione
494 3437 557 3499 qua
591 3414 670 3480 boni
704 3437 756 3479 eas
786 3415 958 3500 accipiunt.
991 3414 1112 3500 Turpes
1141 3438 1209 3480 esse
1238 3418 1337 3501 probe
1367 3439 1439 3491 sen-

249 3523 354 3599 tiunt,
397 3521 450 3586 sed
495 3542 561 3585 non
604 3542 713 3586 omnes
755 3520 877 3585 habent
911 3524 997 3605 quod
1032 3525 1106 3605 apte
1140 3523 1362 3608 respondeant.
1398 3522 1437 3587 In

248 3628 427 3713 Hippolyto
458 3626 620 3704 Phaedra,
648 3625 792 3711 quamvis
816 3647 924 3691 amore
947 3626 1105 3705 cruciata,
1129 3628 1247 3693 nutrici
1270 3630 1442 3712 respondet

249 3734 469 3817 turpissimum
511 3754 577 3797 esse
619 3734 685 3797 eius
728 3732 895 3797 consilium
937 3732 1128 3817 indulgendi
1162 3735 1337 3819 voluptati,
1373 3737 1439 3800 eius

249 3843 440 3924 argumenta
474 3860 548 3903 vero
579 3838 720 3904 refellere
751 3838 880 3922 nequit;
911 3838 991 3903 dicit
1022 3842 1148 3903 tantum
1173 3836 1205 3904 εὖ
1230 3840 1332 3917 λέγεις
1357 3844 1438 3920 γὰρ,

250 3946 369 4026 αἰσχρὰ
402 3944 443 4009 δέ.
474 3944 604 4009 Etenim
635 3948 729 4029 poeta
759 3966 858 4029 quum
889 3943 1102 4028 Hippolytum
1133 3946 1283 4010 scriberet
1313 3947 1440 4032 singula

250 4054 377 4139 quidem
421 4054 551 4137 peccata
595 4052 723 4114 deorum
759 4050 1048 4135 improbabat,
1083 4073 1142 4116 nec
1175 4054 1283 4117 temen
1318 4073 1438 4138 nega·

250 4160 337 4237 bat,
370 4159 520 4243 quoniam
553 4158 686 4221 naturae
714 4157 841 4223 divinae
863 4157 1018 4222 sanctitas
1042 4158 1185 4222 nondum
1208 4158 1290 4223 clare
1314 4163 1346 4223 et
1367 4181 1439 4243 per-

251 4265 358 4350 spicue
381 4263 448 4329 eius
471 4262 574 4327 menti
597 4262 788 4347 apparebat,
813 4266 970 4347 utsupra
993 4264 1104 4328 monui
1124 4264 1191 4349 (pg.
1216 4264 1276 4327 101
1298 4269 1330 4329 et
1353 4265 1440 4351 104).

252 4369 374 4435 Verum
399 4372 567 4453 postquam
587 4367 667 4432 illud
686 4373 799 4452 poetae
814 4368 963 4434 distincte
974 4391 1158 4453 persuasum
1172 4371 1234 4433 est:
1248 4372 1324 4435 deos
1336 4371 1442 4435 nullos

256 4496 323 4541 esse
346 4474 408 4540 nisi
433 4476 580 4552 sanctos,
605 4474 749 4539 videmus
771 4474 941 4540 Herculem
965 4474 1078 4540 Thesei
1102 4474 1278 4540 orationem
1302 4475 1443 4541 refellere
