3250 5217
751 392 812 458 135

182 581 305 653 tenen,
331 574 417 640 vitae
440 594 607 639 aerumnas
626 574 770 639 nondum
790 580 938 660 experta,
960 577 1156 661 aliquamdiu
1178 577 1266 642 velut
1285 600 1376 643 caeco

182 686 311 750 horrore
334 683 446 748 mortis
468 686 555 748 mota
569 684 678 747 omnia
697 683 771 747 huic
789 683 854 748 luci
872 685 1049 769 postponit.
1074 683 1177 760 Quare
1196 686 1372 749 cavendum

183 814 223 857 ne
259 792 295 856 in
326 790 377 855 his
407 794 533 874 poetam
566 789 628 854 sibi
662 811 729 854 non
761 792 908 854 constare
938 794 1107 875 putemus;
1140 813 1215 855 nam
1245 792 1377 857 diversis

183 898 325 983 personis
349 896 578 961 conuenienter
600 896 724 960 diversa
747 895 873 960 tribuit.

225 1002 346 1069 Verum
378 1002 439 1067 alia
469 1003 574 1087 potius
605 1002 752 1067 demiror.
786 1000 927 1067 Theseus
962 1002 997 1065 in
1019 1001 1159 1086 Supplic.
1185 1002 1264 1088 (196
1288 1007 1372 1088 sqq.)

182 1106 265 1175 hanc
286 1109 386 1174 habet
406 1108 599 1173 orationem:
622 1108 726 1172 >dixit
744 1107 874 1192 quidam
894 1108 1080 1173 hominibus
1100 1107 1194 1193 plura
1206 1108 1377 1194 malasup-

181 1220 287 1302 petere
310 1238 406 1300 quam
429 1215 533 1290 bona;
554 1234 613 1299 ego
635 1235 708 1279 vero
727 1214 919 1279 contrariam
939 1214 1124 1297 opinionem
1143 1217 1243 1278 tueor.
1264 1215 1375 1279 Laudo

185 1345 254 1387 eum
275 1325 370 1387 deum
386 1323 441 1407 qui
454 1326 492 1386 ut
503 1322 601 1387 vitam
616 1320 708 1386 nobis
720 1344 739 1384 a
750 1323 837 1386 stetu
849 1320 982 1385 confuso
995 1321 1132 1385 ferarum
1146 1321 1378 1405 distingueret,

183 1432 320 1516 primum
344 1434 483 1495 mentem
509 1428 600 1493 nobis
620 1429 725 1504 dedit,
746 1428 861 1492 deinde
880 1428 1024 1511 linguam
1045 1429 1276 1493 sententiarum
1297 1430 1379 1493 indi·

145 1560 149 1567 ’
183 1559 267 1614 cem,
289 1542 358 1600 tum
378 1536 496 1601 victum
517 1534 677 1619 segetibus
694 1535 889 1618 quaesitum3
903 1517 1126 1619 segetibusque
1139 1535 1281 1619 pluriam
1293 1534 1380 1599 fera-

182 1664 265 1720 cem;
286 1644 417 1727 insuper
436 1646 602 1727 tegmenta
622 1644 663 1705 ad
684 1641 855 1705 arcendum
876 1641 997 1723 frigus,
1018 1645 1050 1705 et
1071 1641 1326 1725 navigationem,
1340 1647 1377 1705 ut

183 1750 351 1815 mercando
368 1772 405 1813 aa
424 1749 586 1834 acquirere
602 1769 766 1831 possemus
777 1747 893 1831 quibus
906 1747 1010 1831 patria
1022 1752 1138 1812 careat.
1165 1746 1252 1823 Quae
1264 1748 1378 1831 ignota

183 1860 258 1920 sunt
288 1877 391 1940 neque
415 1856 510 1939 plane
533 1858 566 1918 et
587 1853 752 1937 perspicue
776 1853 1015 1936 cognoscimus,
1041 1875 1079 1916 ea
1102 1856 1190 1918 vates
1213 1858 1379 1937 exponunt

182 1961 344 2025 flammam
378 1965 410 2025 et
445 1965 517 2025 exta
550 1963 727 2044 spectantes
762 1958 968 2042 volucresque
1005 1958 1220 2024 observantes.
1258 1960 1378 2038 Nonne

182 2090 279 2153 quum
314 2068 411 2132 talem
442 2068 525 2132 vitae
556 2069 746 2150 apparatum
777 2068 854 2129 dens
886 2064 978 2129 nobis
1011 2066 1210 2149 suppeditet,
1235 2066 1378 2130 luxuriae

182 2173 354 2257 indulgent
375 2174 398 2237 ii
421 2173 536 2257 quibus
559 2173 636 2237 haec
661 2193 726 2236 non
751 2171 957 2236 sufficianti’'

183 2326 187 2338 ·
226 2282 307 2357 Quid
331 2280 392 2345 sibi
415 2280 485 2344 vult
508 2280 585 2344 haec
611 2282 650 2343 ds
674 2282 740 2342 vite
760 2277 901 2341 humane
922 2278 1119 2363 panegyrica
1137 2278 1258 2355 oratio,
1280 2299 1374 2361 quem

182 2387 269 2453 locus
306 2409 372 2452 non
403 2387 530 2471 poscit?
567 2385 704 2450 Videtur
734 2384 903 2468 Euripides
934 2384 1092 2449 oratoriae
1116 2384 1194 2448 artis
1217 2385 1375 2468 specimen

182 2498 271 2559 edere
302 2493 456 2570 voluisse,
482 2492 571 2556 nulla
594 2491 678 2555 enim
704 2493 778 2554 date
801 2490 893 2574 copia
916 2491 999 2556 hanc
1022 2490 1255 2564 laudationem,
1286 2492 1373 2555 unde

181 2622 221 2665 ne
244 2599 450 2664 divinationis
471 2598 598 2683 quidem
624 2597 827 2681 praeconium
851 2598 960 2674 abest,
980 2597 1122 2661 instituit
1141 2598 1220 2662 haec
1245 2600 1371 2662 tantum

183 2706 277 2771 verba
298 2704 480 2789 praefatus:

385 2810 509 2876 ἄλλοισι
533 2811 568 2883 tl
593 2810 709 2882 'aduae’
733 2809 917 2886 ἁμιλληθεὶς
941 2809 1027 2889 λόγῳ
1051 2811 1164 2889 τοιῷδε.

225 2918 387 2995 Quantum
424 2918 488 2983 scio
522 2939 679 3002 nusquam
715 2917 800 3001 apud
836 2919 982 2981 nostrum
1013 2916 1117 2982 simile
1138 2916 1216 3002 quid
1239 2916 1375 2999 legitur,

181 3025 226 3089 ite
246 3029 283 3090 ut
301 3027 427 3091 credam
447 3047 519 3089 eum
539 3025 710 3108 aliquando
732 3024 868 3108 experiri
889 3023 1025 3087 voluisse
1044 3023 1121 3107 quid
1140 3023 1175 3086 in
1188 3022 1249 3087 hoc
1261 3043 1377 3106 genere

179 3131 332 3197 facultate
367 3132 491 3197 dicendi
524 3132 655 3195 valeret.
690 3130 790 3207 Quam
824 3129 1069 3214 explicationem
1100 3134 1209 3193 tamen
1238 3148 1375 3212 urguere

180 3238 273 3311 uolo:
307 3238 443 3303 vidimus
473 3238 558 3302 enim
590 3259 686 3321 supra
717 3235 881 3322 Supplices
904 3258 923 3299 a
945 3234 1075 3319 reliquis
1106 3234 1224 3298 fabulis
1248 3233 1373 3300 differre

181 3343 243 3408 fide
273 3346 306 3408 et
338 3344 454 3429 pietate
483 3364 561 3428 erga
591 3344 667 3408 deos
697 3342 907 3427 incorruptis,
940 3343 986 3405 ita
1016 3345 1053 3404 ut
1083 3340 1162 3405 haec
1184 3360 1312 3423 quoque
1336 3339 1375 3403 de

181 3448 246 3513 vita
276 3450 436 3514 sententia
467 3449 540 3514 huic
568 3448 695 3514 fabulae
731 3470 797 3513 non
823 3448 905 3511 male
927 3447 1108 3513 conveniat.
1147 3446 1375 3511 Abstineamus

180 3554 280 3639 igitur
310 3578 329 3619 a
359 3555 492 3619 molesto
523 3556 636 3619 ardore
667 3554 775 3619 omnia
806 3553 1005 3637 explicandi;
1038 3575 1114 3617 nam
1144 3556 1176 3617 et
1205 3551 1240 3616 in
1265 3550 1373 3615 multis

182 3661 251 3725 eliis
280 3662 520 3746 quaestionibus
555 3665 588 3727 et
612 3662 752 3746 profecto
775 3661 809 3725 in
834 3661 912 3737 hac,
936 3682 1017 3744 quae
1042 3664 1185 3725 versatur
1208 3659 1243 3723 in
1274 3679 1372 3742 expo·

182 3768 295 3833 nendis
335 3773 446 3853 poetae
483 3768 615 3853 ingenio
649 3770 682 3833 et
716 3766 984 3851 cogitationibus,
1020 3768 1147 3851 oportet
1177 3786 1236 3830 nos
1267 3763 1375 3846 aliqua

180 3895 309 3941 nescrre.

212 4087 332 4154 Verum
345 4110 426 4173 quae
437 4089 501 4154 fuit
512 4089 653 4174 vulgaris
665 4092 749 4174 apud
759 4088 898 4154 Graecos
910 4087 1020 4173 opinio
1029 4086 1142 4151 devitu
1149 4085 1375 4151 humanalNi-

172 4194 227 4259 ¹hil
238 4217 338 4281 prope
349 4216 458 4262 eorum
471 4196 628 4261 dictorum
640 4218 721 4281 quae
733 4218 771 4261 ex
779 4194 933 4279 Euripide
944 4193 1126 4259 rettulimus
1135 4214 1253 4257 norum
1262 4189 1374 4277 erat1).

179 4299 339 4367 Homerus
358 4324 426 4368 non
446 4302 551 4368 solum
571 4315 649 4368 nota
668 4302 724 4366 illa
744 4302 901 4366 doliorum
921 4300 1104 4365 narratione
1115 4299 1261 4383 exposuit
1274 4297 1373 4362 vitam

201 4474 226 4479 .-
233 4470 344 4481 ..μ’

213 4542 239 4606 1)
257 4542 293 4590 Gi.
311 4543 409 4592 omniuo
426 4538 491 4590 sab.
510 4539 561 4589 flur.
579 4538 618 4588 tit.
638 4538 678 4596 ⁹8,
696 4538 755 4595 los,
774 4538 831 4586 120.
