3250 5217
830 413 891 479 118

258 576 391 663 Lehrers
423 600 567 683 vortrttgt
590 599 754 663 sammelte
778 596 985 661 Valckenaer.
1011 596 1085 659 lhre
1107 595 1213 679 Spitze
1235 595 1316 680 liegt
1338 597 1372 660 in
1397 597 1451 662 der

256 703 439 789 Apotheose
469 705 523 770 der
551 704 788 769 mensohlichen
813 703 919 767 Seelet
945 704 996 765 τὸν
1021 709 1088 767 νοῦν
1111 706 1194 777 ἡμῶν
1218 703 1351 767 {adesos
1375 700 1450 769 εἷνοιν

259 809 339 887 θεόν,
375 812 452 877 oder
485 809 519 875 in
553 811 608 875 der
639 810 793 874 identititt
823 810 877 873 des
907 799 1085 891 gdttliehen
1117 809 1183 872 und
1216 809 1451 874 ¹menschlichen

257 915 399 995 Gentes,
425 917 532 982 woher
557 920 611 980 der
634 916 920 980 missverstandene
942 914 1130 999 Ausspruch
1152 914 1228 981 Tro.
1247 916 1331 982 886:
1357 915 1450 993 Ζεὺς,

258 1022 316 1087 εἴτ’
341 1023 465 1099 ἀνάγκη
491 1024 605 1103 dilusus
631 1021 694 1086 εἴτε
717 1026 784 1092 νοῦς
809 1021 958 1098 βρονῶν”.
993 1020 1041 1085 At
1060 1023 1133 1105 jure
1155 1022 1350 1087 dubitaveris
1375 1044 1452 1086 num

258 1134 323 1200 νοῦς
356 1129 471 1206 βροτῶν
501 1129 762 1214 interpretandus
793 1129 852 1192 sit:
885 1149 974 1191 mens
1006 1128 1235 1211 Anaxagorea‚
1265 1130 1320 1213 qui
1344 1150 1452 1193 sensus

256 1235 397 1320 profecto
410 1236 478 1299 erui
491 1256 556 1300 non
568 1238 675 1319 potest
688 1235 748 1299 nisi
762 1235 959 1319 cogitatione
969 1234 1129 1298 inseratur
1142 1229 1198 1305 οἶος
1209 1259 1217 1318 ;
1229 1256 1289 1301 sc:
1311 1233 1374 1300 εἴτε
1387 1240 1450 1307 νοῦς

256 1336 334 1413 οἷος
359 1343 474 1421 βροτῶν
488 1341 524 1428 ¹).
549 1341 741 1406 Bouterwek
760 1362 887 1427 quoque
905 1342 1053 1406 observat
1072 1344 1227 1427 (pg.10):
1252 1364 1350 1405 »nam
1363 1364 1452 1406 mens

256 1449 356 1513 totius
392 1449 505 1513 mundi
536 1448 695 1532 quomodo
728 1448 889 1524 concinne,
909 1470 999 1512 mens
1022 1448 1206 1512 mortalium
1229 1441 1451 1533 appelletur?”

255 1554 355 1619 Putat
372 1554 425 1619 hic
445 1553 607 1638 Euripidis
627 1554 738 1637 animo
755 1554 888 1618 obscure
906 1554 1107 1619 obversatam
1128 1576 1195 1617 esse
1214 1554 1361 1637 magistri
1378 1576 1451 1618 sen·

255 1660 406 1735 tentiam,
430 1682 526 1745 quam
547 1680 611 1724 non
633 1660 709 1723 satis
727 1659 922 1743 perspexerit
932 1658 969 1744 ²).
991 1658 1110 1723 Verum
1122 1660 1247 1724 etiamsi
1260 1665 1324 1731 νοῦς
1337 1660 1452 1737 βροτῶν

254 1766 357 1850 possit
387 1766 567 1851 significare
599 1768 736 1829 mentem
769 1788 827 1849 per
857 1769 962 1830 totum
994 1768 1149 1848 mundum
1179 1759 1302 1844 fusam,
1327 1766 1452 1851 qualem

255 1871 317 1937 sibi
336 1871 545 1955 Anaxagoras
564 1870 675 1949 finxit,
698 1874 806 1935 tamen
828 1872 905 1935 haec
924 1872 963 1935 de
985 1876 1100 1935 natura
1119 1872 1249 1936 deorum
1270 1873 1452 1957 conjectura

256 1999 322 2043 non
343 1979 431 2043 velut
450 1978 672 2062 fastigium
695 1978 882 2062 disciplinae
894 2000 913 2041 a
925 1981 1131 2061 praeceptore
1150 1981 1296 2062 receptae
1307 1977 1453 2042 habenda

256 2091 320 2164 est,
341 2086 495 2171 siquidem
516 2086 611 2170 poeta
629 2106 700 2148 eam
719 2084 879 2149 dubitanti
899 2084 1007 2148 animo
1019 2083 1114 2147 simul
1126 2106 1199 2148 cum
1211 2084 1282 2148 aliis
1295 2083 1451 2163 tentarit,

256 2214 315 2257 nec
338 2192 399 2256 nisi
425 2212 505 2256 uno
531 2191 691 2257 hocloco.
719 2192 803 2256 Nam
829 2190 909 2254 alter
932 2190 1037 2266 loeus,
1062 2212 1158 2275 quem
1183 2189 1303 2255 Bernb.
1324 2190 1450 2273 tangit,

191 2378 193 2382 ,
256 2320 295 2362 ex
312 2299 435 2363 incerta
446 2301 529 2382 trag.
542 2302 685 2362 servatus
699 2319 717 2360 a
729 2295 840 2361 multis
851 2296 1059 2379 scriptoribus
1071 2297 1147 2382 (rid.
1163 2295 1258 2361 Dind.
1273 2295 1313 2360 tr.
1330 2297 1450 2383 locus

506 2404 520 2467 l
544 2408 610 2475 νοῦς
635 2403 698 2481 γὰρ
723 2404 806 2478 ἡμῶν
832 2402 914 2465 ἐστιν
940 2403 970 2465 ἐν
994 2402 1114 2479 ἑκάστῳ
1140 2401 1221 2479 θεός,

255 2511 294 2573 ad
327 2512 465 2574 mentem
496 2509 739 2593 Anaxagoream
774 2530 840 2573 non
872 2509 998 2573 ridetur
1018 2508 1129 2573 referri
1152 2531 1254 2593 posse.
1280 2509 1341 2574 Hic
1364 2511 1450 2575 euim

257 2637 347 2679 mens
369 2614 511 2679 humana
534 2636 600 2679 non
624 2615 732 2679 divina
755 2614 805 2680 vel
830 2614 958 2679 divinae
981 2616 1097 2680 mentis
1119 2614 1278 2699 particula
1301 2617 1356 2681 sed
1379 2617 1451 2682 uni-

256 2723 368 2807 cuique
403 2706 513 2786 deus·
534 2743 601 2786 esse
625 2721 788 2805 perspicue
811 2721 945 2798 dicitur,
970 2721 1236 2806 quemadmodum
1258 2722 1371 2787 Cicero
1392 2744 1450 2787 an-

254 2830 428 2914 notavit-³).
454 2829 602 2913 Suspicor
620 2828 722 2913 igitur
742 2830 848 2912 potius
869 2829 930 2893 hoe
952 2830 1046 2893 modo
1066 2829 1344 2913 interpretandum
1366 2851 1449 2895 esse:

255 2936 427 3020 unicuique
450 2939 588 3000 mentem
612 2956 678 2999 esse
702 2935 790 3000 velut
809 2939 922 3013 deum,
940 2936 962 2999 i.
983 2958 1010 3002 e.
1031 2957 1292 3020 unumquemque
1313 2941 1451 3002 mentem

256 3064 346 3107 suam
370 3042 459 3127 sequi
482 3041 569 3106 velut
593 3042 720 3119 deum”,
745 3044 781 3105 ut
805 3044 889 3125 apud
910 3040 1118 3105 Plutarchum
1139 3042 1234 3127 (Mor.
1255 3063 1310 3129 pg.
1333 3045 1398 3108 999
1411 3044 1450 3128 Ε)

256 3148 438 3213 Heraclitus
461 3148 575 3212 dixisse
594 3151 760 3215 narratur:
782 3148 847 3223 ἦθος
870 3147 1024 3226 ἀνθρώπου
1045 3147 1172 3231 δαίμων,
1186 3149 1450 3214 etblenanderzt

255 3260 320 3326 νοῦς
346 3256 409 3332 γὰρ
435 3256 507 3331 ἡμῖν
531 3254 593 3325 θεός
608 3255 645 3339 ¹).
669 3253 757 3318 Haec
774 3254 875 3337 igitur
896 3255 1058 3319 sententia
1077 3275 1144 3319 non
1159 3258 1308 3320 naturam
1321 3257 1451 3321 deorum

256 3363 309 3425 sed
334 3361 440 3444 potius
463 3360 528 3425 rim
551 3361 668 3425 mentis
691 3359 851 3426 humanae
874 3360 1022 3445 explicat.

301 3465 470 3551 Euripides
505 3487 581 3552 ergo
616 3466 712 3531 otiam
743 3467 777 3531 in
813 3466 863 3531 his
893 3466 1086 3551 conjecturis
1120 3467 1159 3531 do
1181 3471 1297 3532 natura
1320 3469 1449 3534 deorum

256 3596 369 3660 parum
392 3574 562 3659 profecisse
584 3595 759 3658 parumque
783 3572 845 3638 sibi
867 3573 1048 3638 constitisse
1070 3573 1246 3655 videtur⁵).

289 3814 316 3876 1)
335 3811 430 3861 Scholia
446 3814 471 3861 ot
487 3812 534 3861 alis
551 3812 627 3861 mults
645 3816 669 3861 et
685 3827 733 3861 non
751 3810 813 3861 male
831 3812 877 3861 hoc
894 3812 1034 3863 offeruntzd
1051 3810 1138 3871 δνῆκννν
1157 3808 1200 3862 ἐπὶ
1217 3810 1395 3873 adseuerate.

290 3894 316 3956 2)
334 3893 370 3942 Cf.
388 3910 427 3959 pg.
445 3892 478 3947 74
495 3897 577 3943 annot.

289 3978 315 4038 3)
325 3976 392 4026 Ture.
401 3976 467 4035 Lssd,
473 3978 504 4026 65
515 3992 585 4040 aergo
594 3976 695 4035 animus,
706 3980 732 4027 ut
743 3993 785 4041 ego
794 3978 855 4038 dico,
864 3978 968 4037 divinus,
978 3981 1006 4028 nt
1014 3978 1140 4043 Euripides
1149 3979 1221 4028 sudet
1229 3978 1314 4039 dicere,
1324 3980 1382 4029 deus
1390 3978 1449 4030 eet.”

287 4059 316 4121 4)
340 4057 496 4123 Aliquutenus
518 4059 653 4125 comparari
675 4062 753 4125 potest
768 4059 844 4126 ipsius
861 4060 921 4111 llus.
939 4060 968 4109 ir.
988 4061 1045 4125 (19)
1063 4076 1091 4109 ex
1111 4060 1183 4110 Aeolo
1200 4063 1322 4111 servatum
1340 4077 1354 4109 s
1371 4061 1449 4113 Schol.

255 4140 377 4206 neuun.
396 4142 425 4190 au
442 4142 502 4191 mn.
522 4140 600 4194 νοτε),
1422 4125 1435 4149 “

539 4222 571 4271 τί
584 4222 605 4272 δ’
622 4224 728 4287 αἰσχρὸν
744 4222 771 4283 llu
788 4224 823 4286 μὴ
840 4226 908 4274 τοῖον
925 4222 1064 4287 χρωμένοις
1083 4222 1156 4289 δοκῇ,

253 4305 289 4354 ita
301 4308 381 4354 tamen
398 4307 425 4354 ut
439 4304 484 4353 hoc
497 4305 627 4367 significet:
637 4323 829 4373 unumquemque
838 4310 1018 4357 mentemsuam
1034 4307 1102 4357 sine
1119 4308 1368 4373 reprehensione
1385 4309 1452 4374 sequi

251 4402 330 4453 poue,
348 4388 410 4437 illud
428 4402 496 4437 vero:
518 4402 712 4455 unumquemque
731 4394 836 4441 mentem
852 4405 920 4440 suam
935 4390 1003 4455 sequi
1019 4390 1105 4440 solere.

286 4473 314 4535 t)
328 4469 405 4520 Haud
430 4469 500 4520 dubie
523 4474 603 4521 tamen
628 4474 753 4523 sententiis
778 4474 816 4522 his
839 4472 932 4538 paginis
955 4472 1038 4522 relatis
1062 4476 1086 4521 et
1109 4472 1220 4523 Pirithoo
1239 4474 1349 4525 dumeto
1367 4474 1448 4541 spurio

248 4552 308 4617 (rid.
328 4568 366 4617 pg.
382 4551 414 4605 74
428 4554 476 4617 sq.)
491 4552 578 4603 nititur
595 4554 778 4605 Valckeneerius
792 4554 897 4604 scribens
913 4556 964 4620 (pg.
980 4554 1065 4619 asom
1085 4558 1222 4615 meorum,
1239 4556 1451 4621 qualcsaflrseois
