3250 5217
821 359 864 424 56

246 543 319 609 liter
354 548 480 607 secutus
514 543 564 608 sit.
602 542 786 607 Sententiae
821 543 924 619 enim,
960 564 1041 627 quae
1079 544 1172 608 nobis
1212 543 1294 607 hano
1326 542 1435 627 dispu-

248 650 337 713 tandi
363 648 487 733 copiam
511 649 682 731 dederunt,
704 670 771 713 non
792 654 858 713 tam
870 650 1003 715 subtiles
1015 653 1092 715 sunt
1103 653 1137 715 et
1146 650 1309 714 abstrusae
1320 652 1357 713 ut
1369 670 1435 713 nou

247 755 353 844 aliqua
375 776 414 817 ex
437 758 528 837 parte
551 754 619 838 ipse
644 754 828 818 meditando
851 756 1030 840 excogitare
1053 755 1200 839 potuerit.
1229 754 1333 830 Quare
1355 753 1438 817 mibi

246 883 312 925 non
337 861 444 925 videor
469 863 586 923 temere
611 860 812 931 concludere,
837 864 1035 926 contendens
1058 865 1204 925 nostrum
1223 860 1435 944 ecognitione

245 969 433 1051 dogmatum
454 966 666 1050 praeceptoris
688 966 885 1051 aliorumque
896 967 1176 1052 philosophorum,
1189 990 1206 1031 e
1217 966 1435 1032 recordatione

248 1072 497 1137 Anaximandrei
521 1071 648 1155 placiti,
676 1094 692 1135 e
715 1073 845 1157 propria
868 1095 995 1157 quoque
1014 1076 1148 1138 naturae
1168 1072 1435 1157 contemplatione

246 1183 277 1244 et
302 1177 570 1243 commentatione
589 1178 730 1242 hausisse
751 1181 783 1242 et
802 1179 966 1264 collegisse
984 1179 1073 1243 illam
1092 1180 1210 1263 legem:
1223 1178 1331 1242 omnia
1342 1178 1383 1241 ad
1399 1198 1436 1241 ea

245 1285 347 1349 redire
358 1286 442 1367 unde
454 1288 524 1348 orta
536 1284 612 1360 sint,
626 1306 739 1368 corpus
750 1285 784 1349 in
798 1290 925 1363 terram,
933 1286 1096 1351 aethereas
1104 1292 1210 1369 partes
1217 1286 1252 1349 in
1261 1286 1390 1349 aethera
1400 1285 1434 1369 ¹).

291 1496 433 1561 Tandem
466 1500 552 1582 quod
584 1519 633 1561 me
663 1498 749 1582 justo
782 1498 903 1562 diutius
926 1498 1065 1563 detinuit
1095 1498 1134 1563 ir.
1160 1500 1226 1563 836
1261 1497 1372 1561 relicto
1394 1498 1436 1559 ad

245 1602 308 1667 alia
332 1605 506 1667 convertar.
545 1602 702 1678 Quoniam
727 1604 765 1667 de
788 1606 872 1667 terra
894 1602 993 1668 locuti
1017 1626 1125 1669 sumus
1148 1604 1256 1669 statim
1280 1602 1434 1687 quaedam

246 1708 444 1793 subjicienda
467 1708 617 1773 videntur
640 1712 679 1773 nd
703 1708 741 1773 fr.
769 1711 855 1774 938:

399 1804 404 1811 ’
471 1816 523 1880 καὶ
546 1825 629 1893 γαῖα
653 1822 771 1896 μῆτερ·
796 1817 924 1882 Ἑοτόαν
948 1816 981 1881 δέ
1004 1822 1034 1881 α’
1057 1818 1082 1883 οἱ
1107 1816 1194 1897 σοφοὶ

469 1922 586 2003 βροτῶν
611 1927 754 1987 καλοῦσιν
780 1922 893 1999 iudans
917 1923 947 1988 ἰν
971 1922 1082 2005 αἰθέρι,

245 2050 326 2113 quae
350 2028 531 2093 Macrobius
556 2028 635 2114 (Sat.
662 2029 688 2105 1,
714 2030 767 2105 23,
789 2030 823 2114 8)
844 2030 976 2094 adhibet
995 2031 1035 2093 ad
1049 2029 1240 2094 illustranda
1251 2028 1347 2093 rerba
1359 2028 1434 2091 Pla-

244 2135 331 2199 tonis
354 2134 388 2199 iu
416 2134 563 2199 Phaedro
587 2136 654 2220 (pg.
684 2135 749 2199 274
760 2136 811 2220 o):
831 2134 915 2211 μένει
936 2137 967 2200 δὲ
988 2135 1100 2201 Ἑστία
1120 2136 1149 2198 ἕν
1170 2137 1239 2200 θεῶν
1256 2133 1325 2214 οἴκῳ
1336 2133 1432 2211 μόνα,

245 2241 342 2325 »quia
373 2240 451 2305 haec
480 2241 549 2305 sola
583 2263 701 2325 quam
734 2244 889 2305 terram
924 2263 1015 2306 esse
1049 2242 1291 2327 accepimus
1324 2244 1434 2305 manet

244 2346 416 2411 immobilis
447 2346 534 2411 intra
564 2347 694 2411 domum
725 2346 875 2423 deorum,
897 2347 931 2410 id
953 2351 1002 2412 est
1023 2347 1110 2411 intra
1133 2347 1305 2423 mundum,
1330 2350 1366 2409 ut
1389 2345 1435 2410 ait

278 2597 305 2661 1)
326 2598 494 2645 Verumtamen
511 2595 618 2645 animum
636 2596 744 2645 attendas
761 2596 791 2644 ed
806 2592 903 2646 Herael.
915 2597 997 2655 Pont,
1007 2596 1082 2661 Alleg.
1093 2598 1168 2647 Hom.
1180 2599 1229 2663 (pg.
1240 2598 1272 2651 'lo
1286 2599 1322 2648 ed.
1334 2598 1432 2664 stowe:

244 2682 299 2728 Πᾶν
322 2679 371 2741 γὰρ
395 2678 426 2726 τὸ
448 2679 568 2740 φυόμενον
585 2674 615 2727 ’ἐκ
630 2694 713 2734 τινοιν,
732 2677 766 2736 εἷς
783 2681 870 2726 ταῦτα
886 2676 1024 2727 ἀναλύεται
1042 2677 1249 2742 διαφθειρόμενον,
1267 2679 1370 2742 ὡσπερεὶ
1388 2683 1434 2739 τῆς

244 2759 342 2823 Φόοεοις
365 2758 383 2809 e
407 2756 541 2808 δεδόνεικιν
570 2756 594 2808 ἐν
612 2760 679 2824 ἀρχῇ
697 2759 764 2822 χρέα
780 2759 947 2825 κομιζομένης
965 2758 1008 2810 ἐπὶ
1025 2760 1102 2811 τέλει.
1120 2763 1164 2811 Διὸ
1182 2760 1211 2819 δὴ
1228 2764 1282 2820 τοῖς
1301 2762 1435 2827 Κλαζομε-

244 2843 302 2901 νόοις
324 2841 448 2906 δόγμασιν
473 2840 591 2904 ἑπόμενος
615 2840 746 2904 Εὐριπίδης
762 2843 929 2906 perfixum?
943 2842 966 2893 δ’
984 2844 1062 2894 ὂιιιόον
1080 2846 1114 2893 τα
1133 2845 1178 2905 μὲν
1195 2842 1223 2893 ἐκ
1238 2845 1317 2908 γαίας
1330 2862 1352 2893 ιι.
1369 2862 1394 2893 r.
1411 2855 1433 2893 A.

278 2926 332 2975 Hoc
359 2941 415 2989 ergo
439 2925 604 2975 testimonium
629 2940 694 2974 meae
720 2926 852 2975 sententiae
877 2930 959 2992 aperte
984 2931 1113 2992 repugnat,
1138 2928 1260 2977 declarans
1279 2928 1336 2976 Eur.
1354 2927 1380 2976 in
1393 2925 1435 2976 his

243 3011 421 3073 praeceptorem
438 3009 545 3056 secutam
561 3022 617 3055 esse.
636 3007 679 3055 Est
697 3010 776 3057 tamen
794 3024 837 3057 our
855 3008 1009 3059 Heraclidam
1025 3025 1106 3058 errare
1123 3012 1213 3074 putem.
1239 3009 1349 3078 Primum
1366 3024 1435 3058 nemo

244 3089 305 3138 alius
331 3090 434 3154 scriptor
458 3088 535 3138 simile
559 3089 689 3153 quidquam
711 3091 739 3138 de
763 3091 904 3155 Anaxagora
927 3091 1030 3141 rettulit.
1056 3092 1116 3142 'Pura
1133 3092 1204 3141 verba
1221 3092 1295 3141 citata
1311 3094 1435 3157 tantopere
1495 3135 1497 3140 .

244 3170 449 3221 Anaximandrum
465 3171 562 3237 sapiunt
579 3176 606 3220 ut
623 3172 662 3221 vix
680 3172 786 3222 dubitem
803 3189 858 3223 eum
874 3175 937 3237 quod
955 3174 987 3223 sit
1003 3174 1096 3223 Milesii
1113 3173 1224 3223 tribuisse
1244 3175 1401 3224 Clazomenio.

279 3254 365 3303 Credas
379 3252 452 3311 mihi,
467 3252 565 3318 opinor,
583 3252 677 3302 collatis
694 3254 744 3303 his:
764 3252 868 3315 ὡσπερεὶ
885 3257 931 3313 τῆς
947 3253 1059 3317 piceae,
1075 3254 1094 3304 ‘al
1108 3253 1243 3304 δεδόνεικεν
1261 3252 1362 3319 ἔνᾶρχῇ
1371 3253 1437 3317 χρέα

246 3332 412 3399 κομιζομένης
429 3330 472 3382 ἐπὶ
487 3332 558 3383 τέλει
575 3351 629 3385 oum
646 3335 695 3384 illis
712 3336 884 3385 Anaximandri
897 3337 948 3400 jem
963 3354 1035 3403 supra
1049 3338 1163 3389 laudatiae
1176 3335 1203 3403 ἐξ
1220 3333 1251 3387 ὦν
1267 3336 1294 3387 δὲ
1309 3337 1323 3393 ἡ
1338 3336 1437 3401 γένεσίς

245 3414 302 3465 ἐστι
321 3418 375 3473 τοϊς
392 3411 448 3466 οὖσι
476 3416 535 3465 καῖ
568 3416 630 3473 τὴν
664 3416 793 3479 Φόορᾶν
829 3418 881 3477 εἰς
917 3422 1036 3484 ταῦτα
1069 3419 1243 3483 γενέσθαι
1277 3421 1371 3470 κατα
1397 3422 1436 3470 τὸ

244 3496 526 3561 meditativae
552 3500 615 3561 γαρ
637 3496 730 3547 αὐτὰ
753 3500 853 3548 τόσον
875 3502 935 3550 καὶ
958 3499 1059 3559 δίκην
1082 3500 1261 3561 ἀλλήλοις
1287 3506 1349 3561 τῆς
1374 3501 1437 3552 ἀδι-

245 3580 326 3637 κίας
352 3581 444 3628 κατὰ
470 3579 531 3636 τὴν
558 3583 621 3628 τοῦ
648 3582 779 3643 χρόνον
805 3581 923 3647 τόξον,
948 3583 1034 3648 quibus
1057 3583 1135 3634 verbis
1157 3601 1180 3635 v.
1207 3586 1459 3650 el.Landexpouit·

246 3663 366 3727 designari
391 3663 505 3712 damnum
529 3666 553 3711 et
575 3663 747 3714 detrimentum
764 3668 800 3727 τῷ
818 3664 909 3726 ἀπείρῳ
932 3667 1006 3730 (quod
1024 3666 1169 3732 principium
1187 3670 1310 3734 posuerat)
1327 3669 1437 3726 illatura,

244 3760 319 3809 quum
341 3760 366 3793 se
388 3745 467 3793 variae
490 3760 528 3793 res
551 3744 580 3794 ab
603 3762 630 3794 eo
654 3750 806 3812 separarent,
830 3751 854 3795 et
871 3748 915 3796 hoc
933 3749 1003 3797 modo
1028 3751 1297 3813 compensandum.
1323 3752 1390 3801 Haec
1407 3752 1438 3801 si·

246 3826 348 3876 millims
372 3842 449 3876 nonne
471 3831 544 3876 sunt?
562 3828 689 3879 Praeterea
710 3828 791 3894 paullo
814 3832 870 3878 ante
887 3830 1014 3895 scripserat
1030 3832 1142 3881 flereat:
1161 3830 1222 3881 αλλ’
1239 3832 1252 3880 ὁ
1267 3831 1437 3898 Κλαζομένιος

248 3909 435 3973 Ἀναξαγόρας,
458 3910 525 3959 κατὰ
548 3908 667 3972 διαδοχὴν
687 3908 810 3973 γνώριμος
827 3909 860 3959 ὢν
878 3915 1009 3970 Θαλῆτος,
1027 3911 1162 3980 οννέζινξε
1179 3919 1215 3976 τῷ
1234 3912 1437 3977 terrestremve

247 3994 375 4054 στοιχεῖον
398 3991 445 4049 τὴν
468 3995 529 4055 γῆν,
546 3992 585 4040 ἵνα
603 3994 663 4056 ξηρῷ
683 3991 773 4055 μιχόὲν
791 3994 821 4041 τὸ
840 3992 913 4057 typos
930 3991 958 4058 ἐξ
976 3993 1117 4044 όντιοιόλον
1134 3993 1233 4058 pie-soc
1249 3996 1285 4055 εἷς
1302 3997 1361 4058 μίαν
1379 3997 1437 4058 ὄμο-

245 4074 309 4124 νοόαν
328 4073 455 4139 αναιιραόῇ.
473 4077 541 4140 Quae
557 4080 613 4124 sunt
630 4076 677 4124 ista
693 4076 785 4125 somnis
802 4080 826 4125 et
841 4076 1015 4126 deliramenta?
1029 4078 1090 4142 Quis
1105 4078 1206 4127 docuit?
1224 4079 1275 4143 Ego
1289 4079 1336 4128 alia
1344 4080 1437 4129 ratione

243 4157 353 4222 expedire
371 4173 462 4221 nequeo
479 4173 550 4221 quam
569 4161 596 4206 ut
613 4157 727 4207 cumbae
745 4158 769 4207 in
787 4174 813 4207 re
829 4175 924 4224 quoque
937 4162 1105 4223 Anaxagoram
1120 4176 1175 4209 cum
1191 4162 1369 4212 Anaximandro
1383 4179 1437 4212 con·

241 4232 329 4288 fudisse
353 4242 457 4289 statuam
481 4243 505 4287 et
527 4239 653 4303 opinatum
677 4256 725 4289 esee
748 4240 778 4289 τὸ
802 4238 900 4302 Ξόαειρον
922 4258 951 4291 ex
974 4258 1035 4306 equs
1059 4246 1084 4291 et
1101 4245 1167 4293 terre
1184 4244 1256 4293 fuisse
1273 4245 1437 4310 compositum.

242 4322 277 4370 blo
292 4321 368 4385 magis
382 4324 463 4371 sutem
478 4322 503 4370 id
516 4322 622 4386 suspicor
636 4324 699 4387 quod
714 4323 805 4373 nemini
813 4323 1003 4387 subjectam&
1013 4321 1133 4387 διαδοχὴν
1140 4323 1262 4388 γνώριμος
1270 4323 1302 4374 tv
1311 4329 1437 4385 Θαλῆτος.

243 4404 309 4453 Mihi
326 4403 401 4467 igitur
420 4403 556 4453 Heraclidis
573 4403 760 4455 observationem
780 4408 807 4455 ut
823 4405 1026 4471 inexplicabilibus
1039 4406 1161 4457 erroribus
1177 4408 1325 4474 implicatam
1340 4425 1438 4475 prorsus

244 4485 365 4549 negligere
381 4484 448 4535 nulla
465 4488 501 4535 est
517 4485 610 4549 religio.
