3250 5217
702 399 705 409 ¹
772 378 836 445 188

254 560 341 627 Haec
372 563 480 627 omnia
509 563 560 629 vel
587 564 627 627 ab
650 562 876 649 Aristophanis
899 564 1103 649 opinionibus
1126 564 1208 631 nihil
1232 564 1394 630 differunt

208 668 274 734 Nec
293 691 361 734 non
381 670 519 734 comicus
539 670 573 734 in
592 670 692 735 Ranis
711 671 823 735 laudat
841 694 993 756 responsa
1012 676 1052 735 de
1070 672 1234 755 republica
1254 675 1395 736 anostro

208 776 299 852 data,
332 797 466 859 quorum
497 777 637 861 primum
659 777 720 841 hoc
743 778 783 841 ad
806 777 1006 842 Alcibiadem
1032 778 1185 842 transfert
1208 778 1251 862 (v.
1279 778 1393 861 1427):

207 882 259 946 odi
286 882 404 959 civem,
424 884 478 969 qui
498 885 607 948 tardus
627 887 675 947 est
697 888 736 948 ad
754 885 930 968 juvandam
951 884 1105 967 patriam,
1126 905 1198 948 acer
1218 886 1258 947 ad
1277 906 1395 949 nocen-

207 989 301 1065 dum;
321 990 361 1053 ad
381 1012 474 1053 suum
494 995 659 1074 quaestum
680 994 808 1073 acutus,
824 992 863 1054 ad
876 990 1014 1055 civitatis
1027 990 1190 1075 pinguis”‚
1207 1007 1244 1038 -2
1260 990 1396 1055 alterum

206 1095 266 1161 hoc
296 1096 336 1160 ad
368 1097 506 1161 civitatis
528 1096 735 1162 Atheniensis
759 1100 878 1161 statum
903 1098 1039 1183 (1446):
1065 1097 1113 1161 »si
1136 1095 1257 1161 civibus
1280 1098 1396 1182 quibus

206 1225 292 1268 nnnc
304 1204 512 1287 confidimus,
526 1204 754 1281 diffideremus,
769 1204 948 1290 quibusque
961 1225 1029 1268 non
1042 1204 1162 1278 utimur
1173 1203 1213 1266 iis
1225 1205 1396 1281 uteremur,

205 1309 338 1376 fortasse
361 1310 441 1375 salvi
464 1312 622 1375 essemus”
639 1314 672 1395 ¹).

251 1416 420 1501 Euripides
451 1438 526 1501 ergo
556 1417 646 1482 nullo
673 1420 768 1483 modo
790 1421 898 1501 partes
923 1417 1025 1502 plebis
1048 1417 1178 1482 infimae
1201 1418 1396 1505 demagogo·

208 1544 341 1608 rumque
372 1523 538 1589 audacium
571 1524 778 1610 sequebatur,
813 1546 916 1608 neque
947 1524 1154 1609 conspirabat
1183 1546 1256 1589 cum
1287 1522 1396 1588 ochlo·

208 1630 307 1695 cratia
329 1652 410 1715 quae
433 1634 575 1697 vocatur.

251 1736 359 1812 Quid?
390 1759 469 1801 num
500 1737 706 1821 oligarchiam
730 1737 870 1821 probans
894 1736 1049 1802 nobilium
1072 1736 1218 1821 partibus
1241 1736 1397 1820 ascriptus

206 1846 298 1909 erat?
331 1843 408 1908 Non
438 1844 548 1920 oredo;
585 1843 695 1909 videor
726 1843 806 1908 mihi
834 1842 948 1907 harum
972 1842 1231 1928 reprehensiones
1254 1842 1289 1912 in
1313 1864 1397 1907 non·

206 1950 303 2016 nullis
333 1949 451 2016 fabulis
482 1951 596 2035 legere.
632 1950 672 2014 In
695 1948 805 2035 Suppl.
834 1951 919 2034 238,
944 1950 999 2014 ubi
1021 1950 1106 2014 inter
1129 1949 1245 2013 civium
1259 1947 1396 2037 ordines

206 2057 302 2143 primi
324 2064 553 2123 enumerantur
576 2055 767 2141 locupletes,
792 2056 858 2122 ait:

816 2180 842 2243 υἱ
867 2178 923 2257 μὲν
947 2176 1045 2257 ὄλβια

432 2288 660 2365 ἀνωφελεῖς
685 2310 720 2351 σε
744 2285 890 2350 πλειόνων
912 2285 942 2348 τ’
968 2286 1050 2362 ἐρῶν
1074 2284 1135 2352 atsi.
1258 2339 1260 2344 .

170 2431 172 2433 ·
251 2408 383 2475 Nobiles
417 2429 543 2493 qnoque
577 2407 687 2491 procul
724 2407 838 2486 dnbio,
874 2430 988 2492 nempe
1023 2407 1138 2491 quibus
1167 2407 1396 2492 patrimonium

205 2516 393 2601 dissipatum
414 2518 499 2593 erat,
523 2513 717 2599 significavit
740 2514 789 2578 his
812 2514 908 2579 Herc.
932 2514 994 2580 fur.
1019 2513 1162 2579 versibus
1185 2515 1297 2600 (588):

387 2638 520 2709 πολλοὺς
545 2635 690 2713 πένητας,
715 2636 882 2714 ὀλβίους
907 2636 945 2701 δὲ
969 2639 1017 2715 τῷ
1042 2635 1146 2717 λόγῳ
1237 2677 1241 2684 1

387 2745 609 2813 δοκοῦντας
634 2737 760 2820 εἶναι,
784 2740 975 2823 ξυμμάχους
998 2741 1081 2821 ἅναξ
1104 2740 1183 2824 ἔχει,
1221 2788 1234 2802 .‚
1298 2786 1301 2791 -

387 2842 413 2914 oi
436 2847 546 2914 σσιὶσιν
570 2846 678 2921 ἔθηκαν
703 2850 754 2913 καὶ
780 2850 929 2914 διώλεσαν
953 2848 1042 2913 πόλιν

388 2957 439 3037 ἐφ’
463 2955 640 3034 ἁρπαγαῖσι
664 2960 722 3020 τῶν
746 2955 857 3033 πέλας,
882 2957 924 3019 τα
949 2955 975 3019 δ’
999 2956 1029 3019 ἐν
1053 2955 1155 3031 δόμοις

385 3062 553 3128 δαπάναισι
578 3063 697 3142 Φρσῦδα
722 3062 904 3143 διαφυγόνθ’
929 3060 983 3126 ὑπ’
1008 3060 1133 3140 ἀργίας.

204 3184 286 3248 Tum
310 3184 366 3269 qui
388 3187 454 3248 tam
478 3205 589 3269 parum
614 3182 775 3247 tribuebat
798 3184 983 3267 opulentiae
1008 3188 1040 3248 et
1063 3181 1189 3267 generis
1214 3181 1395 3260 nobilitati,

186 3290 260 3380 'qui
290 3295 357 3355 tam
388 3290 471 3354 clare
494 3290 623 3353 videbat
648 3310 713 3353 non
737 3292 873 3355 eundem
897 3312 964 3354 esse
988 3290 1164 3373 sapientem
1188 3288 1305 3353 fortem
1325 3290 1395 3373 jus·

207 3401 294 3481 tum,
320 3397 375 3481 qni
395 3395 510 3459 nobilis
530 3395 572 3459 sit
590 3396 640 3459 vel
658 3396 746 3460 dives
766 3396 843 3482 (vid.
865 3417 920 3481 pg.
944 3395 1153 3481 172-175),
1173 3394 1201 3459 is
1221 3417 1396 3479 numquam

199 3501 373 3587 'suffragari
409 3500 516 3585 potuit
550 3502 578 3565 ei
610 3502 707 3566 statui
739 3502 947 3586 reipublicae,
980 3501 1014 3566 in
1047 3522 1109 3586 quo
1140 3502 1226 3565 solus
1257 3501 1396 3564 nominis

208 3609 257 3673 vel
282 3609 349 3673 auri
372 3608 522 3692 splendor
545 3608 629 3672 viam
653 3607 693 3671 ad
716 3606 853 3673 honores
877 3607 983 3673 faeiat.

253 3713 399 3777 Vidimus
431 3712 531 3797 igitur
564 3735 635 3777 eum
668 3712 797 3778 infimae
826 3737 902 3779 sane
925 3714 1012 3798 plebi
1034 3714 1190 3791 diffidere,
1215 3714 1270 3778 sed
1294 3712 1395 3778 multo

205 3820 308 3904 magis
333 3819 527 3905 demagogis.
564 3819 625 3883 Τὸν
650 3820 744 3895 δημὸν
769 3841 844 3884 vero
869 3821 1000 3885 minime
1025 3822 1149 3899 oderat;
1175 3820 1269 3884 modo
1288 3841 1396 3886 cense-

205 3926 261 3989 bat
290 3927 464 4011 prudenter
495 3948 563 3991 esse
594 3926 838 4009 temperandum
871 3932 903 3990 et
933 3931 1108 4012 regendum
1140 3947 1251 4011 neque·
1268 3947 1396 3991 omnem

206 4032 381 4116 potentiam
413 4034 442 4095 ei
471 4032 685 4099 tribuendam.
714 4031 785 4097 Vid.
813 4032 987 4097 Plisthenis
1013 4032 1050 4097 fr.
1078 4032 1173 4119 (628)
1196 4034 1281 4116 apud
1305 4031 1394 4098 Stob.

206 4138 289 4224 (flor.
313 4140 364 4215 48,
390 4138 422 4225 1)
446 4143 621 4204 servatum:

242 4436 267 4496 1)
293 4436 422 4501 Ignoratur
444 4436 529 4501 quibus
550 4452 562 4485 e
585 4436 671 4487 fabulis
695 4438 739 4485 hae
762 4438 897 4487 sententiae
913 4437 1003 4504 petitae
1020 4438 1068 4488 sint
1086 4440 1110 4487 et
1126 4454 1172 4505 quo
1188 4439 1336 4506 pertincant3
1353 4455 1397 4503 ego

208 4518 409 4568 verisimillimum
426 4520 485 4569 duco
503 4519 619 4569 comicum
637 4536 675 4568 eas
692 4518 811 4569 arbitratu
828 4536 870 4585 suo
892 4524 1014 4585 excerptas
1030 4520 1056 4569 in
1074 4537 1140 4593 snam
1158 4538 1209 4572 ram
1225 4521 1330 4591 vertisse
