3250 5217
735 356 796 421 111
867 305 871 319 ¹

173 534 295 599 videtur
307 556 327 599 a
339 536 500 601 communi
520 537 694 602 multorum
714 537 880 603 hominum
894 537 992 603 animi
1004 538 1170 604 affectione
1180 540 1363 624 repetenda.

173 640 317 706 Vidimus
339 642 374 705 in
393 642 489 722 Ione,
511 641 640 722 Oreste,
659 643 731 729 Iph.
753 644 848 709 Taur.
871 644 1014 728 Apollini
1033 645 1144 710 acerbe
1163 644 1260 729 objici
1278 644 1364 729 quod

173 746 317 812 homines
341 748 497 832 deceperit
516 753 549 813 et
567 750 749 815 destituerit
767 752 836 836 (pg.
860 752 923 815 106
936 752 1015 836 sq.)‚
1028 755 1170 816 ettamen
1181 773 1218 815 ea
1230 750 1365 815 crimina

173 852 252 919 falsa
275 877 343 920 0000
366 877 518 941 apparere
541 858 645 935 exitu,
667 880 765 942 quum
786 857 956 942 diligenter
971 857 1079 922 omnia
1090 859 1260 941 procurata
1270 856 1364 921 resti·

171 963 241 1024 tuat
263 962 307 1045 (v.
332 982 385 1045 pg.
414 963 477 1027 108
501 965 571 1048 sq.).
598 961 685 1038 Quae
709 986 807 1048 quum
827 964 931 1048 primo
951 963 1088 1049 legerem
1112 963 1253 1048 cogitare
1275 961 1365 1046 coepi

170 1056 295 1150 poetam
328 1066 448 1131 imitari
481 1068 618 1133 voluisse
642 1067 841 1154 impietatem
866 1068 1040 1134 multorum
1065 1068 1231 1134 hominum
1256 1068 1363 1134 divino

170 1172 300 1237 numine
320 1172 551 1252 diffidentium,
571 1174 675 1258 ipsum
697 1197 771 1241 vero
791 1175 877 1239 inter
897 1197 1017 1260 paucos
1036 1173 1278 1260 piareverentia
1290 1174 1365 1239 deos

170 1278 279 1342 colere.
302 1278 382 1343 Mox
399 1301 473 1344 vero
493 1302 631 1346 errorem
651 1281 787 1365 agnovi,
808 1304 884 1346 nam
904 1302 945 1346 ex
966 1280 1113 1346 Herculis
1132 1281 1193 1346 fur.
1214 1280 1365 1365 011111111-

173 1407 239 1449 rum
260 1385 483 1470 gravissimum
504 1390 633 1452 deorum
648 1388 896 1473 vituperatorem
910 1409 976 1453 esse
989 1390 1132 1473 apparet.
1158 1386 1219 1453 Sed
1231 1388 1310 1473 quid
1320 1387 1366 1451 110

173 1490 304 1555 crimina
335 1490 474 1556 humana
501 1492 536 1557 in
561 1493 726 1558 nonnullis
750 1494 902 1559 dramatis
924 1494 992 1577 ipse
1017 1494 1181 1558 convincit
1202 1494 1367 1578 perspicue

174 1600 351 1661 monstrata
375 1600 505 1662 deorum
529 1600 724 1683 sanet'tate?

217 1702 313 1767 Multi
344 1703 399 1787 qui
429 1704 622 1788 cogitatione
650 1710 681 1769 01
703 1706 828 1770 ratione
852 1727 871 1768 a
895 1704 1021 1788 vulgari
1045 1704 1200 1789 religione
1223 1692 1368 1771 recedere

176 1811 348 1893 coeperunt
384 1809 456 1873 imis
487 1810 623 1894 pectoris
654 1810 871 1894 penetralibus
900 1812 1008 1875 tamen
1041 1810 1223 1894 percipiunt
1257 1832 1368 1876 vocem

180 1914 394 1993 monitricem‚
429 1916 520 2000 quasi
555 1916 683 2001 aliquod
718 1917 871 1993 δαιμόνιον
901 1916 1070 1981 obscurum
1101 1938 1120 1979 a
1150 1915 1245 1980 rebus
1276 1915 1368 1980 novis

175 2024 384 2087 revocantem.
414 2018 490 2085 Non
522 2021 615 2087 facile
646 2023 833 2086 discindunt
864 2042 957 2086 omne
987 2021 1149 2085 vinculum
1177 2041 1367 2104 omnemque

176 2126 357 2191 societatem
400 2149 472 2191 cum
515 2128 554 2191 iis
597 2128 690 2193 rebus
732 2150 811 2212 quas
854 2130 961 2212 patres
1002 2127 1214 2191 laudaverunt
1255 2126 1368 2210 pieque

176 2236 404 2296 conservarunt
434 2238 467 2297 et
498 2233 572 2297 tuiti
602 2238 693 2317 sunt3
726 2256 831 2319 neque
854 2234 1012 2298 rationem
1036 2233 1274 2316 praevolantem
1297 2234 1368 2295 toto

177 2338 283 2402 animo
306 2337 453 2421 protinus
473 2338 561 2422 sequi
584 2339 712 2405 audent.
734 2337 886 2414 Quamvis
898 2338 1079 2422 frequentia
1091 2336 1369 2413 facientesitinera

176 2443 209 2506 in
240 2443 402 2527 regionem
436 2466 553 2509 novam
586 2449 618 2509 01
647 2446 902 2532 perplacentem‚
927 2443 1122 2508 domicilium
1145 2448 1253 2508 tamen
1278 2465 1369 2508 suum

177 2549 209 2611 in
242 2549 347 2632 patria
378 2553 526 2634 despecta
557 2556 703 2627 servant,
733 2572 836 2635 neque
860 2572 930 2615 cum
953 2553 1024 2613 tota
1047 2550 1170 2614 familia
1192 2550 1227 2614 in
1251 2554 1369 2614 terram

177 2656 319 2719 nondum
355 2656 432 2721 satis
466 2656 664 2740 exploratam
701 2658 840 2743 migrare
872 2660 1008 2733 audent,
1041 2657 1134 2721 veriti
1166 2678 1224 2733 ne,
1249 2656 1276 2721 s'i
1299 2677 1370 2740 spes

177 2761 339 2845 fefellerit,
365 2764 485 2827 reditus
508 2764 544 2827 in
567 2764 704 2848 patriam
728 2765 889 2848 praecisus
913 2764 964 2829 sit.
999 2761 1039 2827 In
1065 2762 1220 2845 Euripide
1242 2783 1367 2847 quoque

178 2868 303 2933 animus
333 2870 501 2954 pugnabat
533 2891 604 2934 cum
628 2871 769 2948 ratione;
794 2871 903 2954 itaque
927 2891 999 2933 eum
1024 2869 1116 2933 credo
1141 2868 1278 2931 libenter
1301 2890 1370 2933 eam

178 2974 341 3039 materiem
372 2976 559 3060 arripuisse,
594 2998 675 3061 quae
702 2976 826 3061 copiam
851 2976 940 3039 daret
963 2996 1029 3039 non
1053 2974 1121 3037 sine
1143 2973 1371 3057 probabilitate

179 3082 251 3145 deos
272 3081 464 3145 criminandi
479 3080 520 3161 ¹),
542 3084 684 3147 attamen
702 3082 738 3146 in
758 3082 822 3146 fine
845 3103 898 3146 eos
914 3082 1018 3165 justos
1036 3101 1103 3156 esse
1114 3079 1320 3143 declarandi?
1347 3082 1369 3164 ).

180 3183 274 3250 Dicas
305 3208 378 3250 eum
409 3187 470 3252 hoc
502 3188 595 3251 modo
626 3188 842 3252 dubitationes
866 3208 938 3251 suas
962 3185 1161 3270 proposuisse
1185 3185 1275 3268 quasi
1298 3188 1370 3249 ten·

180 3294 322 3355 tatarum
353 3293 469 3358 civium
502 3294 626 3360 animos
657 3298 922 3379 experturumque
953 3314 995 3356 an
1027 3294 1196 3356 sect-atores
1222 3291 1371 3354 insuam

180 3396 319 3461 traheret
351 3403 492 3483 partem,
525 3422 597 3464 curu
628 3400 770 3464 nondum
795 3421 889 3465 omne
912 3402 1037 3484 spretae
1059 3397 1224 3481 religionis
1247 3397 1372 3482 pericu-

179 3502 244 3567 lum
269 3505 304 3568 in
328 3526 361 3569 se
384 3505 488 3569 solum
511 3508 650 3592 recipere
675 3508 813 3573 auderet.

186 3690 375 3708 h*—

216 3834 243 3901 1)
266 3837 296 3886 In
319 3836 378 3885 Ione
402 3836 505 3901 Apollo,
529 3836 637 3901 quamvis
658 3836 758 3889 alterius
781 3836 876 3903 culpae,
894 3835 993 3887 infantis
1009 3834 1133 3895 destituti,
1150 3835 1245 3897 insons,
1262 3839 1374 3902 stuprum

184 3919 261 3967 tamen
284 3918 413 3967 admiserat
418 3940 425 3977 ;
450 3933 525 3984 neque
547 3920 572 3969 id
595 3920 777 3986 reprehensione
794 3936 875 3969 carcre
892 3920 942 3985 ipae
959 3919 1094 3984 intelligere
1110 3919 1218 3978 videtur,
1236 3934 1310 3984 quum
1327 3935 1375 3968 non

184 3999 232 4065 ipse
248 4001 274 4050 in
291 4001 417 4051 hominum
435 4004 585 4067 conspectum
602 4002 699 4068 prodire
716 4017 786 4052 ausus
800 4002 937 4052 Minervam
950 4002 1066 4052 vicerim
1080 4002 1162 4051 mittat
1176 4000 1237 4065 (vid.
1250 4017 1273 4051 v.
1289 3999 1375 4056 11111.

216 4084 242 4145 1)
261 4083 299 4137 cf.
318 4083 482 4134 Troianae:

414 4160 432 4213 ὦ
450 4164 510 4214 θεοί·
528 4167 618 4225 κακοὺς
636 4166 681 4228 μὲν
698 4166 817 4216 ἀνακαλῶ
833 4166 894 4224 τοὺς
911 4164 1077 4231 ξυμμάχους,

417 4244 632 4311 1μωςδ’1χει
656 4265 688 4297 τι
712 4250 828 4311 σχῆμα
844 4246 1035 4304 κικλήσκειν
1053 4247 1156 4305 θεοὺς,

417 4326 478 4377 ὅταν
494 4346 535 4388 τις
552 4328 619 4392 ἡμῶν
638 4327 756 4393 δυστυχῆ
775 4328 844 4392 addar
859 4326 950 4391 τύχην.

218 4412 290 4463 Haud
315 4411 385 4462 dubie
403 4412 441 4461 bis
458 4412 537 4463 verbis
553 4414 639 4463 similis
655 4412 768 4477 cogitatio
785 4411 878 4470 subest,
896 4427 968 4476 quam
986 4427 1034 4461 non
1044 4412 1136 4461 melius
1151 4410 1306 4476 interpretari
1322 4425 1378 4476 pos-

186 4510 237 4545 sum
255 4510 326 4559 quum
343 4495 381 4543 his
398 4493 494 4545 vocibus
512 4495 627 4559 Belgicis:
649 4510 718 4546 amen
734 4495 782 4544 ken
800 4494 867 4543 nooit
883 4490 976 4543 weten'’
991 4497 1036 4544 oet.
