<?xml version="1.0" encoding="UTF-8"?>
<!DOCTYPE html PUBLIC "-//W3C//DTD XHTML 1.0 Transitional//EN"
    "http://www.w3.org/TR/xhtml1/DTD/xhtml1-transitional.dtd">
<html xmlns="http://www.w3.org/1999/xhtml" xml:lang="en" lang="en">
 <head>
  <title>
</title>
<meta http-equiv="Content-Type" content="text/html;charset=utf-8" />
  <meta name='ocr-system' content='tesseract 3.04.00' />
  <meta name='ocr-capabilities' content='ocr_page ocr_carea ocr_par ocr_line ocrx_word'/>
</head>
<body>
  <div class='ocr_page' id='page_1' title='image "./commentatiodeeu00unkngoog_0031.png"; bbox 0 0 3250 5217; ppageno 0'>
   <div class='ocr_carea' id='block_1_1' title="bbox 759 442 800 511">
    <p class='ocr_par' dir='ltr' id='par_1_1' title="bbox 759 442 800 511">
     <span class='ocr_line' id='line_1_1' title="bbox 759 442 800 511; baseline 0.122 -5"><span class='ocrx_word' id='word_1_1' title='bbox 759 442 800 511; x_wconf 81' lang='lat'>19</span> 
     </span>
    </p>
   </div>
   <div class='ocr_carea' id='block_1_2' title="bbox 179 625 1380 2091">
    <p class='ocr_par' dir='ltr' id='par_1_2' title="bbox 179 625 1376 816">
     <span class='ocr_line' id='line_1_2' title="bbox 179 625 1376 710; baseline 0 -19"><span class='ocrx_word' id='word_1_2' title='bbox 179 628 363 693; x_wconf 89' lang='lat' dir='ltr'>hominibus</span> <span class='ocrx_word' id='word_1_3' title='bbox 386 648 458 691; x_wconf 89' lang='lat' dir='ltr'>cum</span> <span class='ocrx_word' id='word_1_4' title='bbox 477 626 537 689; x_wconf 80' lang='lat' dir='ltr'>cliis</span> <span class='ocrx_word' id='word_1_5' title='bbox 561 647 627 689; x_wconf 88' lang='lat' dir='ltr'>non</span> <span class='ocrx_word' id='word_1_6' title='bbox 644 648 710 690; x_wconf 86' lang='lat' dir='ltr'>asse</span> <span class='ocrx_word' id='word_1_7' title='bbox 735 628 946 709; x_wconf 87' lang='lat' dir='ltr'>pugnandum</span> <span class='ocrx_word' id='word_1_8' title='bbox 960 625 997 710; x_wconf 86' lang='grc'>1),</span> <span class='ocrx_word' id='word_1_9' title='bbox 1010 626 1064 689; x_wconf 80' lang='lat' dir='ltr'>secl</span> <span class='ocrx_word' id='word_1_10' title='bbox 1076 626 1136 690; x_wconf 91' lang='lat' dir='ltr'>hos</span> <span class='ocrx_word' id='word_1_11' title='bbox 1151 627 1258 710; x_wconf 88' lang='lat' dir='ltr'>potius</span> <span class='ocrx_word' id='word_1_12' title='bbox 1271 628 1376 691; x_wconf 90' lang='lat' dir='ltr'>missis</span> 
     </span>
     <span class='ocr_line' id='line_1_3' title="bbox 180 732 1123 816; baseline -0.002 -19"><span class='ocrx_word' id='word_1_13' title='bbox 180 733 316 799; x_wconf 88' lang='lat' dir='ltr'>acutulis</span> <span class='ocrx_word' id='word_1_14' title='bbox 339 732 600 797; x_wconf 87' lang='lat' dir='ltr'>meditationibus</span> <span class='ocrx_word' id='word_1_15' title='bbox 624 732 808 816; x_wconf 87' lang='lat' dir='ltr'>simpliciter</span> <span class='ocrx_word' id='word_1_16' title='bbox 831 754 898 795; x_wconf 89' lang='lat' dir='ltr'>esse</span> <span class='ocrx_word' id='word_1_17' title='bbox 921 735 1123 796; x_wconf 81' lang='lat' dir='ltr'>reverendos.</span> 
     </span>
    </p>

    <p class='ocr_par' dir='ltr' id='par_1_3' title="bbox 181 838 1380 2091">
     <span class='ocr_line' id='line_1_4' title="bbox 226 838 1378 923; baseline 0.002 -21"><span class='ocrx_word' id='word_1_18' title='bbox 226 838 313 914; x_wconf 83' lang='lat' dir='ltr'>Quae</span> <span class='ocrx_word' id='word_1_19' title='bbox 348 860 386 901; x_wconf 85' lang='lat' dir='ltr'>ex</span> <span class='ocrx_word' id='word_1_20' title='bbox 421 838 470 902; x_wconf 89' lang='lat' dir='ltr'>his</span> <span class='ocrx_word' id='word_1_21' title='bbox 505 838 652 901; x_wconf 91' lang='lat' dir='ltr'>omnibus</span> <span class='ocrx_word' id='word_1_22' title='bbox 684 859 750 901; x_wconf 91' lang='lat' dir='ltr'>non</span> <span class='ocrx_word' id='word_1_23' title='bbox 782 838 850 901; x_wconf 87' lang='lat' dir='ltr'>sine</span> <span class='ocrx_word' id='word_1_24' title='bbox 882 838 948 901; x_wconf 82' lang='lat' dir='ltr'>veri</span> <span class='ocrx_word' id='word_1_25' title='bbox 980 838 1083 921; x_wconf 79' lang='lat' dir='ltr'>specie</span> <span class='ocrx_word' id='word_1_26' title='bbox 1106 838 1215 923; x_wconf 81' lang='lat' dir='ltr'>colligi</span> <span class='ocrx_word' id='word_1_27' title='bbox 1239 843 1378 923; x_wconf 77' lang='lat' dir='ltr'>possunt</span> 
     </span>
     <span class='ocr_line' id='line_1_5' title="bbox 181 944 1374 1029; baseline 0.002 -21"><span class='ocrx_word' id='word_1_28' title='bbox 181 946 290 1029; x_wconf 83' lang='lat' dir='ltr'>paucis</span> <span class='ocrx_word' id='word_1_29' title='bbox 320 944 524 1029; x_wconf 88' lang='lat' dir='ltr'>complectar.</span> <span class='ocrx_word' id='word_1_30' title='bbox 555 944 722 1028; x_wconf 81' lang='lat' dir='ltr'>Euripides</span> <span class='ocrx_word' id='word_1_31' title='bbox 752 966 852 1029; x_wconf 82' lang='lat' dir='ltr'>prope</span> <span class='ocrx_word' id='word_1_32' title='bbox 881 965 980 1027; x_wconf 89' lang='lat' dir='ltr'>usque</span> <span class='ocrx_word' id='word_1_33' title='bbox 1010 946 1051 1007; x_wconf 89' lang='lat' dir='ltr'>ad</span> <span class='ocrx_word' id='word_1_34' title='bbox 1074 945 1374 1029; x_wconf 84' lang='lat' dir='ltr'>quinquagesimum</span> 
     </span>
     <span class='ocr_line' id='line_1_6' title="bbox 183 1049 1377 1135; baseline 0.003 -21"><span class='ocrx_word' id='word_1_35' title='bbox 183 1050 295 1114; x_wconf 85' lang='lat' dir='ltr'>aetatis</span> <span class='ocrx_word' id='word_1_36' title='bbox 328 1072 448 1113; x_wconf 87' lang='lat' dir='ltr'>annum</span> <span class='ocrx_word' id='word_1_37' title='bbox 481 1072 500 1112; x_wconf 89' lang='lat' dir='ltr'>a</span> <span class='ocrx_word' id='word_1_38' title='bbox 530 1049 683 1133; x_wconf 82' lang='lat' dir='ltr'>religione</span> <span class='ocrx_word' id='word_1_39' title='bbox 715 1050 863 1135; x_wconf 88' lang='lat' dir='ltr'>populari</span> <span class='ocrx_word' id='word_1_40' title='bbox 886 1072 1000 1135; x_wconf 88' lang='lat' dir='ltr'>parum</span> <span class='ocrx_word' id='word_1_41' title='bbox 1024 1050 1377 1130; x_wconf 81' lang='lat' dir='ltr'>dissensisse·videtur;</span> 
     </span>
     <span class='ocr_line' id='line_1_7' title="bbox 183 1155 1377 1241; baseline 0.003 -22"><span class='ocrx_word' id='word_1_42' title='bbox 183 1159 240 1220; x_wconf 87' lang='lat' dir='ltr'>aut</span> <span class='ocrx_word' id='word_1_43' title='bbox 270 1157 297 1220; x_wconf 91' lang='lat' dir='ltr'>si</span> <span class='ocrx_word' id='word_1_44' title='bbox 324 1157 391 1241; x_wconf 89' lang='lat' dir='ltr'>jam</span> <span class='ocrx_word' id='word_1_45' title='bbox 423 1158 502 1219; x_wconf 88' lang='lat' dir='ltr'>tune</span> <span class='ocrx_word' id='word_1_46' title='bbox 533 1156 662 1239; x_wconf 87' lang='lat' dir='ltr'>singula</span> <span class='ocrx_word' id='word_1_47' title='bbox 691 1157 847 1239; x_wconf 88' lang='lat' dir='ltr'>quaedam</span> <span class='ocrx_word' id='word_1_48' title='bbox 872 1156 901 1220; x_wconf 90' lang='lat' dir='ltr'>ei</span> <span class='ocrx_word' id='word_1_49' title='bbox 932 1156 1037 1219; x_wconf 92' lang='lat' dir='ltr'>minus</span> <span class='ocrx_word' id='word_1_50' title='bbox 1060 1155 1243 1241; x_wconf 76' lang='lat' dir='ltr'>placerent,</span> <span class='ocrx_word' id='word_1_51' title='bbox 1268 1160 1377 1222; x_wconf 83' lang='lat' dir='ltr'>tamen</span> 
     </span>
     <span class='ocr_line' id='line_1_8' title="bbox 183 1245 1378 1328; baseline -0.001 -1"><span class='ocrx_word' id='word_1_52' title='bbox 183 1266 327 1327; x_wconf 88' lang='lat' dir='ltr'>nondum</span> <span class='ocrx_word' id='word_1_53' title='bbox 362 1261 409 1325; x_wconf 92' lang='lat' dir='ltr'>ita</span> <span class='ocrx_word' id='word_1_54' title='bbox 440 1245 860 1327; x_wconf 35' lang='lat' dir='ltr'>animum-commovebant</span> <span class='ocrx_word' id='word_1_55' title='bbox 890 1264 926 1325; x_wconf 91' lang='lat' dir='ltr'>ut</span> <span class='ocrx_word' id='word_1_56' title='bbox 955 1262 1050 1325; x_wconf 88' lang='lat' dir='ltr'>fidem</span> <span class='ocrx_word' id='word_1_57' title='bbox 1082 1261 1314 1328; x_wconf 85' lang='lat' dir='ltr'>labefactarent</span> <span class='ocrx_word' id='word_1_58' title='bbox 1346 1267 1378 1328; x_wconf 87' lang='lat' dir='ltr'>et</span> 
     </span>
     <span class='ocr_line' id='line_1_9' title="bbox 183 1366 1379 1453; baseline 0.002 -22"><span class='ocrx_word' id='word_1_59' title='bbox 183 1369 289 1453; x_wconf 87' lang='lat' dir='ltr'>palam</span> <span class='ocrx_word' id='word_1_60' title='bbox 322 1367 521 1431; x_wconf 87' lang='lat' dir='ltr'>enuntianda</span> <span class='ocrx_word' id='word_1_61' title='bbox 544 1388 610 1431; x_wconf 83' lang='lat' dir='ltr'>esse</span> <span class='ocrx_word' id='word_1_62' title='bbox 633 1366 661 1431; x_wconf 92' lang='lat' dir='ltr'>ei</span> <span class='ocrx_word' id='word_1_63' title='bbox 684 1367 877 1432; x_wconf 86' lang='lat' dir='ltr'>viderentur.</span> <span class='ocrx_word' id='word_1_64' title='bbox 902 1367 984 1431; x_wconf 87' lang='lat' dir='ltr'>Tum</span> <span class='ocrx_word' id='word_1_65' title='bbox 1006 1388 1099 1444; x_wconf 83' lang='lat' dir='ltr'>vem,</span> <span class='ocrx_word' id='word_1_66' title='bbox 1119 1368 1230 1451; x_wconf 89' lang='lat' dir='ltr'>primis</span> <span class='ocrx_word' id='word_1_67' title='bbox 1254 1370 1379 1433; x_wconf 89' lang='lat' dir='ltr'>circiter</span> 
     </span>
     <span class='ocr_line' id='line_1_10' title="bbox 184 1473 1377 1558; baseline 0.003 -20"><span class='ocrx_word' id='word_1_68' title='bbox 184 1474 261 1538; x_wconf 91' lang='lat' dir='ltr'>belli</span> <span class='ocrx_word' id='word_1_69' title='bbox 282 1473 543 1558; x_wconf 87' lang='lat' dir='ltr'>Peloponnesiaci</span> <span class='ocrx_word' id='word_1_70' title='bbox 567 1474 658 1537; x_wconf 87' lang='lat' dir='ltr'>annis</span> <span class='ocrx_word' id='word_1_71' title='bbox 682 1474 852 1539; x_wconf 84' lang='lat' dir='ltr'>manifesto</span> <span class='ocrx_word' id='word_1_72' title='bbox 877 1475 915 1538; x_wconf 88' lang='lat' dir='ltr'>de</span> <span class='ocrx_word' id='word_1_73' title='bbox 938 1474 1094 1557; x_wconf 86' lang='lat' dir='ltr'>religione</span> <span class='ocrx_word' id='word_1_74' title='bbox 1115 1475 1278 1553; x_wconf 89' lang='lat' dir='ltr'>dubitare,</span> <span class='ocrx_word' id='word_1_75' title='bbox 1301 1480 1377 1541; x_wconf 90' lang='lat' dir='ltr'>deo-</span> 
     </span>
     <span class='ocr_line' id='line_1_11' title="bbox 183 1580 1376 1665; baseline 0.001 -21"><span class='ocrx_word' id='word_1_76' title='bbox 183 1603 255 1644; x_wconf 91' lang='lat' dir='ltr'>rum</span> <span class='ocrx_word' id='word_1_77' title='bbox 280 1580 484 1664; x_wconf 85' lang='lat' dir='ltr'>antiquorum</span> <span class='ocrx_word' id='word_1_78' title='bbox 509 1582 656 1643; x_wconf 86' lang='lat' dir='ltr'>naturam</span> <span class='ocrx_word' id='word_1_79' title='bbox 676 1580 895 1664; x_wconf 76' lang='lat' dir='ltr'>imperfectam</span> <span class='ocrx_word' id='word_1_80' title='bbox 913 1580 1095 1664; x_wconf 87' lang='lat' dir='ltr'>indignari,</span> <span class='ocrx_word' id='word_1_81' title='bbox 1116 1580 1234 1645; x_wconf 87' lang='lat' dir='ltr'>fabulis</span> <span class='ocrx_word' id='word_1_82' title='bbox 1246 1582 1376 1665; x_wconf 88' lang='lat' dir='ltr'>mytho-</span> 
     </span>
     <span class='ocr_line' id='line_1_12' title="bbox 183 1686 1378 1773; baseline 0.002 -22"><span class='ocrx_word' id='word_1_83' title='bbox 183 1686 296 1771; x_wconf 89' lang='lat' dir='ltr'>logicis</span> <span class='ocrx_word' id='word_1_84' title='bbox 327 1686 423 1749; x_wconf 81' lang='lat' dir='ltr'>fidem</span> <span class='ocrx_word' id='word_1_85' title='bbox 454 1688 611 1769; x_wconf 85' lang='lat' dir='ltr'>denegare</span> <span class='ocrx_word' id='word_1_86' title='bbox 638 1686 759 1771; x_wconf 79' lang='lat' dir='ltr'>eoepit3</span> <span class='ocrx_word' id='word_1_87' title='bbox 785 1709 850 1771; x_wconf 87' lang='lat' dir='ltr'>qua</span> <span class='ocrx_word' id='word_1_88' title='bbox 873 1688 925 1751; x_wconf 84' lang='lat' dir='ltr'>via</span> <span class='ocrx_word' id='word_1_89' title='bbox 951 1708 1026 1749; x_wconf 89' lang='lat' dir='ltr'>cum</span> <span class='ocrx_word' id='word_1_90' title='bbox 1049 1690 1214 1771; x_wconf 78' lang='lat' dir='ltr'>pergeret,</span> <span class='ocrx_word' id='word_1_91' title='bbox 1239 1689 1378 1773; x_wconf 86' lang='lat' dir='ltr'>exeeptis</span> 
     </span>
     <span class='ocr_line' id='line_1_13' title="bbox 186 1792 1379 1878; baseline 0.001 -20"><span class='ocrx_word' id='word_1_92' title='bbox 186 1793 375 1877; x_wconf 89' lang='lat' dir='ltr'>quibusdam</span> <span class='ocrx_word' id='word_1_93' title='bbox 405 1792 557 1876; x_wconf 88' lang='lat' dir='ltr'>temporis</span> <span class='ocrx_word' id='word_1_94' title='bbox 588 1793 716 1876; x_wconf 87' lang='lat' dir='ltr'>spatiis,</span> <span class='ocrx_word' id='word_1_95' title='bbox 748 1815 804 1877; x_wconf 88' lang='lat' dir='ltr'>per</span> <span class='ocrx_word' id='word_1_96' title='bbox 841 1794 977 1878; x_wconf 87' lang='lat' dir='ltr'>amplius</span> <span class='ocrx_word' id='word_1_97' title='bbox 1002 1792 1120 1876; x_wconf 85' lang='lat' dir='ltr'>viginti</span> <span class='ocrx_word' id='word_1_98' title='bbox 1145 1816 1247 1858; x_wconf 84' lang='lat' dir='ltr'>annos</span> <span class='ocrx_word' id='word_1_99' title='bbox 1270 1796 1379 1860; x_wconf 88' lang='lat' dir='ltr'>eodem</span> 
     </span>
     <span class='ocr_line' id='line_1_14' title="bbox 184 1897 1380 1983; baseline 0.003 -20"><span class='ocrx_word' id='word_1_100' title='bbox 184 1899 251 1963; x_wconf 84' lang='lat' dir='ltr'>fere</span> <span class='ocrx_word' id='word_1_101' title='bbox 282 1900 388 1964; x_wconf 88' lang='lat' dir='ltr'>animo</span> <span class='ocrx_word' id='word_1_102' title='bbox 420 1898 455 1962; x_wconf 91' lang='lat' dir='ltr'>in</span> <span class='ocrx_word' id='word_1_103' title='bbox 484 1897 631 1983; x_wconf 84' lang='lat' dir='ltr'>vulgares</span> <span class='ocrx_word' id='word_1_104' title='bbox 661 1901 791 1963; x_wconf 88' lang='lat' dir='ltr'>deorum</span> <span class='ocrx_word' id='word_1_105' title='bbox 817 1901 964 1964; x_wconf 91' lang='lat' dir='ltr'>notiones</span> <span class='ocrx_word' id='word_1_106' title='bbox 988 1898 1086 1963; x_wconf 89' lang='lat' dir='ltr'>fuisse</span> <span class='ocrx_word' id='word_1_107' title='bbox 1107 1899 1253 1979; x_wconf 77' lang='lat' dir='ltr'>ridetur,</span> <span class='ocrx_word' id='word_1_108' title='bbox 1279 1903 1380 1966; x_wconf 88' lang='lat' dir='ltr'>donee</span> 
     </span>
     <span class='ocr_line' id='line_1_15' title="bbox 186 2006 952 2091; baseline -0.003 -20"><span class='ocrx_word' id='word_1_109' title='bbox 186 2006 300 2071; x_wconf 88' lang='lat' dir='ltr'>ultima</span> <span class='ocrx_word' id='word_1_110' title='bbox 322 2007 407 2071; x_wconf 84' lang='lat' dir='ltr'>vitae</span> <span class='ocrx_word' id='word_1_111' title='bbox 430 2009 534 2069; x_wconf 89' lang='lat' dir='ltr'>aetate</span> <span class='ocrx_word' id='word_1_112' title='bbox 559 2028 611 2070; x_wconf 89' lang='lat' dir='ltr'>eos</span> <span class='ocrx_word' id='word_1_113' title='bbox 634 2006 824 2091; x_wconf 84' lang='lat' dir='ltr'>impugnare</span> <span class='ocrx_word' id='word_1_114' title='bbox 848 2006 952 2071; x_wconf 86' lang='lat' dir='ltr'>desiit.</span> 
     </span>
    </p>
   </div>
   <div class='ocr_carea' id='block_1_3' title="bbox 674 2299 878 2310">
    <p class='ocr_par' dir='ltr' id='par_1_4' title="bbox 674 2299 878 2310">
     <span class='ocr_line' id='line_1_16' title="bbox 674 2299 878 2310; baseline -0.01 0"><span class='ocrx_word' id='word_1_115' title='bbox 674 2299 878 2310; x_wconf 70' lang='lat'><em>--.—-..——--</em></span> 
     </span>
    </p>
   </div>
   <div class='ocr_carea' id='block_1_4' title="bbox 641 2548 933 2636">
    <p class='ocr_par' dir='ltr' id='par_1_5' title="bbox 641 2548 933 2636">
     <span class='ocr_line' id='line_1_17' title="bbox 641 2548 933 2636; baseline 0.007 -3"><span class='ocrx_word' id='word_1_116' title='bbox 641 2548 830 2633; x_wconf 72' lang='grc'><strong>011111</strong></span> <span class='ocrx_word' id='word_1_117' title='bbox 852 2549 933 2636; x_wconf 86' lang='grc'><strong>111.</strong></span> 
     </span>
    </p>
   </div>
   <div class='ocr_carea' id='block_1_5' title="bbox 439 2780 1125 2835">
    <p class='ocr_par' dir='ltr' id='par_1_6' title="bbox 439 2780 1125 2835">
     <span class='ocr_line' id='line_1_18' title="bbox 439 2780 1125 2835; baseline 0.007 -5"><span class='ocrx_word' id='word_1_118' title='bbox 439 2782 485 2830; x_wconf 75' lang='lat' dir='ltr'>DE</span> <span class='ocrx_word' id='word_1_119' title='bbox 509 2782 665 2831; x_wconf 85' lang='lat' dir='ltr'>MORIBUS</span> <span class='ocrx_word' id='word_1_120' title='bbox 690 2780 733 2831; x_wconf 75' lang='lat' dir='ltr'>Er</span> <span class='ocrx_word' id='word_1_121' title='bbox 758 2782 908 2831; x_wconf 83' lang='lat' dir='ltr'>INGENIO</span> <span class='ocrx_word' id='word_1_122' title='bbox 935 2783 1125 2835; x_wconf 84' lang='lat' dir='ltr'>EURIPIDIS.</span> 
     </span>
    </p>
   </div>
   <div class='ocr_carea' id='block_1_6' title="bbox 546 2952 1020 3040">
    <p class='ocr_par' dir='ltr' id='par_1_7' title="bbox 546 2952 1020 3040">
     <span class='ocr_line' id='line_1_19' title="bbox 546 2952 1020 3040; baseline 0.006 -25"><span class='ocrx_word' id='word_1_123' title='bbox 546 2956 564 3035; x_wconf 59' lang='grc' dir='ltr'>ᾗ</span> <span class='ocrx_word' id='word_1_124' title='bbox 590 2952 618 3018; x_wconf 95' lang='grc'>1.</span> <span class='ocrx_word' id='word_1_125' title='bbox 645 2952 695 3017; x_wconf 82' lang='lat' dir='ltr'>Do</span> <span class='ocrx_word' id='word_1_126' title='bbox 718 2953 887 3040; x_wconf 78' lang='lat' dir='ltr'>Euripidis</span> <span class='ocrx_word' id='word_1_127' title='bbox 910 2955 1020 3019; x_wconf 81' lang='lat' dir='ltr'>indole.</span> 
     </span>
    </p>
   </div>
   <div class='ocr_carea' id='block_1_7' title="bbox 184 3133 1380 4282">
    <p class='ocr_par' dir='ltr' id='par_1_8' title="bbox 184 3133 1380 3856">
     <span class='ocr_line' id='line_1_20' title="bbox 229 3133 1380 3220; baseline 0.001 -21"><span class='ocrx_word' id='word_1_128' title='bbox 229 3133 450 3218; x_wconf 90' lang='lat' dir='ltr'>Perlegentem</span> <span class='ocrx_word' id='word_1_129' title='bbox 474 3134 524 3197; x_wconf 85' lang='lat' dir='ltr'>vel</span> <span class='ocrx_word' id='word_1_130' title='bbox 547 3133 656 3197; x_wconf 87' lang='lat' dir='ltr'>tenuia</span> <span class='ocrx_word' id='word_1_131' title='bbox 679 3134 862 3197; x_wconf 89' lang='lat' dir='ltr'>testimonia</span> <span class='ocrx_word' id='word_1_132' title='bbox 875 3133 902 3219; x_wconf 74' lang='lat'>²)</span> <span class='ocrx_word' id='word_1_133' title='bbox 924 3138 1068 3199; x_wconf 86' lang='lat' dir='ltr'>veterum</span> <span class='ocrx_word' id='word_1_134' title='bbox 1089 3136 1127 3199; x_wconf 89' lang='lat' dir='ltr'>de</span> <span class='ocrx_word' id='word_1_135' title='bbox 1138 3134 1301 3220; x_wconf 81' lang='lat' dir='ltr'>Euripidis</span> <span class='ocrx_word' id='word_1_136' title='bbox 1313 3136 1380 3200; x_wconf 83' lang='lat' dir='ltr'>vita</span> 
     </span>
     <span class='ocr_line' id='line_1_21' title="bbox 185 3239 1379 3326; baseline 0.003 -22"><span class='ocrx_word' id='word_1_137' title='bbox 185 3263 251 3305; x_wconf 90' lang='lat' dir='ltr'>non</span> <span class='ocrx_word' id='word_1_138' title='bbox 282 3242 388 3325; x_wconf 89' lang='lat' dir='ltr'>potest</span> <span class='ocrx_word' id='word_1_139' title='bbox 411 3239 489 3323; x_wconf 90' lang='lat' dir='ltr'>quin</span> <span class='ocrx_word' id='word_1_140' title='bbox 514 3243 646 3323; x_wconf 86' lang='lat' dir='ltr'>occupet</span> <span class='ocrx_word' id='word_1_141' title='bbox 668 3240 829 3324; x_wconf 87' lang='lat' dir='ltr'>persuasio</span> <span class='ocrx_word' id='word_1_142' title='bbox 854 3263 925 3305; x_wconf 88' lang='lat' dir='ltr'>eum</span> <span class='ocrx_word' id='word_1_143' title='bbox 949 3263 968 3305; x_wconf 86' lang='lat' dir='ltr'>a</span> <span class='ocrx_word' id='word_1_144' title='bbox 994 3242 1097 3326; x_wconf 90' lang='lat' dir='ltr'>poetis</span> <span class='ocrx_word' id='word_1_145' title='bbox 1120 3242 1316 3326; x_wconf 83' lang='lat' dir='ltr'>aequalibus,</span> <span class='ocrx_word' id='word_1_146' title='bbox 1340 3243 1379 3307; x_wconf 90' lang='lat' dir='ltr'>iis</span> 
     </span>
     <span class='ocr_line' id='line_1_22' title="bbox 184 3344 1380 3432; baseline 0.003 -23"><span class='ocrx_word' id='word_1_147' title='bbox 184 3345 371 3430; x_wconf 87' lang='lat' dir='ltr'>praesertim</span> <span class='ocrx_word' id='word_1_148' title='bbox 406 3344 462 3428; x_wconf 91' lang='lat' dir='ltr'>qui</span> <span class='ocrx_word' id='word_1_149' title='bbox 496 3348 600 3409; x_wconf 82' lang='lat' dir='ltr'>aetate</span> <span class='ocrx_word' id='word_1_150' title='bbox 634 3346 730 3430; x_wconf 90' lang='lat' dir='ltr'>paulo</span> <span class='ocrx_word' id='word_1_151' title='bbox 767 3347 945 3430; x_wconf 88' lang='lat' dir='ltr'>superiores</span> <span class='ocrx_word' id='word_1_152' title='bbox 980 3352 1086 3412; x_wconf 87' lang='lat' dir='ltr'>essent</span> <span class='ocrx_word' id='word_1_153' title='bbox 1120 3349 1251 3432; x_wconf 84' lang='lat' dir='ltr'>ingenio</span> <span class='ocrx_word' id='word_1_154' title='bbox 1284 3348 1380 3413; x_wconf 88' lang='lat' dir='ltr'>fuisse</span> 
     </span>
     <span class='ocr_line' id='line_1_23' title="bbox 185 3450 1380 3539; baseline 0.003 -24"><span class='ocrx_word' id='word_1_155' title='bbox 185 3451 441 3516; x_wconf 87' lang='lat' dir='ltr'>diversissimum.</span> <span class='ocrx_word' id='word_1_156' title='bbox 473 3450 679 3515; x_wconf 86' lang='lat' dir='ltr'>Desideratur</span> <span class='ocrx_word' id='word_1_157' title='bbox 711 3452 745 3515; x_wconf 90' lang='lat' dir='ltr'>in</span> <span class='ocrx_word' id='word_1_158' title='bbox 777 3452 834 3517; x_wconf 91' lang='lat' dir='ltr'>illo</span> <span class='ocrx_word' id='word_1_159' title='bbox 858 3453 958 3517; x_wconf 87' lang='lat' dir='ltr'>animi</span> <span class='ocrx_word' id='word_1_160' title='bbox 982 3454 1062 3518; x_wconf 89' lang='lat' dir='ltr'>bene</span> <span class='ocrx_word' id='word_1_161' title='bbox 1082 3454 1252 3539; x_wconf 85' lang='lat' dir='ltr'>temperati</span> <span class='ocrx_word' id='word_1_162' title='bbox 1271 3455 1380 3538; x_wconf 89' lang='lat' dir='ltr'>aequi·</span> 
     </span>
     <span class='ocr_line' id='line_1_24' title="bbox 184 3540 1380 3644; baseline 0.003 -21"><span class='ocrx_word' id='word_1_163' title='bbox 184 3562 250 3641; x_wconf 87' lang='lat' dir='ltr'>tas,</span> <span class='ocrx_word' id='word_1_164' title='bbox 287 3558 393 3623; x_wconf 88' lang='lat' dir='ltr'>cultus</span> <span class='ocrx_word' id='word_1_165' title='bbox 432 3540 596 3621; x_wconf 80' lang='lat' dir='ltr'>absolutus</span> <span class='ocrx_word' id='word_1_166' title='bbox 627 3579 862 3642; x_wconf 76' lang='lat' dir='ltr'>consensusque</span> <span class='ocrx_word' id='word_1_167' title='bbox 893 3558 1053 3644; x_wconf 86' lang='lat' dir='ltr'>perfectus</span> <span class='ocrx_word' id='word_1_168' title='bbox 1085 3561 1228 3624; x_wconf 91' lang='lat' dir='ltr'>omnium</span> <span class='ocrx_word' id='word_1_169' title='bbox 1263 3561 1380 3626; x_wconf 87' lang='lat' dir='ltr'>mentis</span> 
     </span>
     <span class='ocr_line' id='line_1_25' title="bbox 185 3662 1380 3751; baseline 0 -21"><span class='ocrx_word' id='word_1_170' title='bbox 185 3665 387 3749; x_wconf 75' lang='lat' dir='ltr'>corporisque</span> <span class='ocrx_word' id='word_1_171' title='bbox 422 3662 630 3741; x_wconf 86' lang='lat' dir='ltr'>facultatum,</span> <span class='ocrx_word' id='word_1_172' title='bbox 667 3665 784 3749; x_wconf 88' lang='lat' dir='ltr'>quibus</span> <span class='ocrx_word' id='word_1_173' title='bbox 818 3667 949 3730; x_wconf 89' lang='lat' dir='ltr'>omnino</span> <span class='ocrx_word' id='word_1_174' title='bbox 973 3667 1099 3751; x_wconf 90' lang='lat' dir='ltr'>antiqui</span> <span class='ocrx_word' id='word_1_175' title='bbox 1121 3666 1265 3732; x_wconf 91' lang='lat' dir='ltr'>homines</span> <span class='ocrx_word' id='word_1_176' title='bbox 1289 3670 1322 3732; x_wconf 86' lang='lat' dir='ltr'>et</span> <span class='ocrx_word' id='word_1_177' title='bbox 1344 3668 1380 3731; x_wconf 91' lang='lat' dir='ltr'>in</span> 
     </span>
     <span class='ocr_line' id='line_1_26' title="bbox 184 3770 1165 3856; baseline 0.002 -21"><span class='ocrx_word' id='word_1_178' title='bbox 184 3774 352 3855; x_wconf 89' lang='lat' dir='ltr'>poetarum</span> <span class='ocrx_word' id='word_1_179' title='bbox 377 3790 508 3834; x_wconf 89' lang='lat' dir='ltr'>numero</span> <span class='ocrx_word' id='word_1_180' title='bbox 532 3774 606 3835; x_wconf 90' lang='lat' dir='ltr'>ante</span> <span class='ocrx_word' id='word_1_181' title='bbox 630 3792 740 3836; x_wconf 91' lang='lat' dir='ltr'>omnes</span> <span class='ocrx_word' id='word_1_182' title='bbox 763 3770 934 3856; x_wconf 83' lang='lat' dir='ltr'>Sophocles</span> <span class='ocrx_word' id='word_1_183' title='bbox 957 3773 1165 3837; x_wconf 82' lang='lat' dir='ltr'>excellebant.</span> 
     </span>
    </p>

    <p class='ocr_par' dir='ltr' id='par_1_9' title="bbox 184 3876 1380 4282">
     <span class='ocr_line' id='line_1_27' title="bbox 231 3876 1379 3964; baseline 0.003 -23"><span class='ocrx_word' id='word_1_184' title='bbox 231 3876 318 3952; x_wconf 78' lang='lat' dir='ltr'>Quae</span> <span class='ocrx_word' id='word_1_185' title='bbox 341 3876 509 3940; x_wconf 88' lang='lat' dir='ltr'>harmonia</span> <span class='ocrx_word' id='word_1_186' title='bbox 532 3881 752 3941; x_wconf 87' lang='lat' dir='ltr'>consummata</span> <span class='ocrx_word' id='word_1_187' title='bbox 776 3881 909 3943; x_wconf 86' lang='lat' dir='ltr'>naturae</span> <span class='ocrx_word' id='word_1_188' title='bbox 932 3883 965 3943; x_wconf 88' lang='lat' dir='ltr'>et</span> <span class='ocrx_word' id='word_1_189' title='bbox 987 3879 1124 3956; x_wconf 86' lang='lat' dir='ltr'>formae,</span> <span class='ocrx_word' id='word_1_190' title='bbox 1149 3901 1212 3964; x_wconf 86' lang='lat' dir='ltr'>qua</span> <span class='ocrx_word' id='word_1_191' title='bbox 1233 3880 1379 3945; x_wconf 85' lang='lat' dir='ltr'>universe</span> 
     </span>
     <span class='ocr_line' id='line_1_28' title="bbox 186 3982 1380 4066; baseline 0.003 -19"><span class='ocrx_word' id='word_1_192' title='bbox 186 3983 456 4048; x_wconf 87' lang='lat' dir='ltr'>circumscribitur</span> <span class='ocrx_word' id='word_1_193' title='bbox 489 3982 569 4046; x_wconf 90' lang='lat' dir='ltr'>illud</span> <span class='ocrx_word' id='word_1_194' title='bbox 603 3985 689 4066; x_wconf 89' lang='lat' dir='ltr'>quod</span> <span class='ocrx_word' id='word_1_195' title='bbox 724 3984 889 4049; x_wconf 90' lang='lat' dir='ltr'>classicum</span> <span class='ocrx_word' id='word_1_196' title='bbox 925 4006 1093 4063; x_wconf 85' lang='lat' dir='ltr'>vocamus,</span> <span class='ocrx_word' id='word_1_197' title='bbox 1129 3986 1194 4050; x_wconf 82' lang='lat' dir='ltr'>sire</span> <span class='ocrx_word' id='word_1_198' title='bbox 1234 3986 1270 4050; x_wconf 90' lang='lat' dir='ltr'>in</span> <span class='ocrx_word' id='word_1_199' title='bbox 1301 3987 1380 4051; x_wconf 85' lang='lat' dir='ltr'>artis</span> 
     </span>
     <span class='ocr_line' id='line_1_29' title="bbox 186 4080 1379 4175; baseline 0.003 -22"><span class='ocrx_word' id='word_1_200' title='bbox 186 4090 401 4154; x_wconf 90' lang='lat' dir='ltr'>monumentis</span> <span class='ocrx_word' id='word_1_201' title='bbox 432 4091 582 4174; x_wconf 79' lang='lat' dir='ltr'>apparet,</span> <span class='ocrx_word' id='word_1_202' title='bbox 613 4090 678 4154; x_wconf 81' lang='lat' dir='ltr'>sive</span> <span class='ocrx_word' id='word_1_203' title='bbox 701 4090 736 4153; x_wconf 88' lang='lat' dir='ltr'>in</span> <span class='ocrx_word' id='word_1_204' title='bbox 760 4080 960 4175; x_wconf 74' lang='lat' dir='ltr'>singulor‘um</span> <span class='ocrx_word' id='word_1_205' title='bbox 983 4092 1151 4157; x_wconf 90' lang='lat' dir='ltr'>hominum</span> <span class='ocrx_word' id='word_1_206' title='bbox 1174 4093 1290 4157; x_wconf 85' lang='lat' dir='ltr'>animis</span> <span class='ocrx_word' id='word_1_207' title='bbox 1313 4093 1379 4158; x_wconf 85' lang='lat' dir='ltr'>sive</span> 
     </span>
     <span class='ocr_line' id='line_1_30' title="bbox 184 4196 1377 4282; baseline 0.003 -23"><span class='ocrx_word' id='word_1_208' title='bbox 184 4196 221 4259; x_wconf 93' lang='lat' dir='ltr'>in</span> <span class='ocrx_word' id='word_1_209' title='bbox 242 4196 399 4261; x_wconf 90' lang='lat' dir='ltr'>institutis</span> <span class='ocrx_word' id='word_1_210' title='bbox 422 4196 624 4279; x_wconf 90' lang='lat' dir='ltr'>moribusque</span> <span class='ocrx_word' id='word_1_211' title='bbox 648 4198 747 4263; x_wconf 89' lang='lat' dir='ltr'>totius</span> <span class='ocrx_word' id='word_1_212' title='bbox 766 4198 896 4275; x_wconf 88' lang='lat' dir='ltr'>aetatis,</span> <span class='ocrx_word' id='word_1_213' title='bbox 919 4220 1018 4282; x_wconf 87' lang='lat' dir='ltr'>quum</span> <span class='ocrx_word' id='word_1_214' title='bbox 1040 4199 1136 4263; x_wconf 89' lang='lat' dir='ltr'>semel</span> <span class='ocrx_word' id='word_1_215' title='bbox 1148 4203 1196 4264; x_wconf 86' lang='lat' dir='ltr'>est</span> <span class='ocrx_word' id='word_1_216' title='bbox 1208 4200 1377 4277; x_wconf 84' lang='lat' dir='ltr'>dissoluta,</span> 
     </span>
    </p>
   </div>
   <div class='ocr_carea' id='block_1_8' title="bbox 184 4418 1381 4567">
    <p class='ocr_par' dir='ltr' id='par_1_10' title="bbox 184 4418 1381 4567">
     <span class='ocr_line' id='line_1_31' title="bbox 220 4418 1381 4489; baseline 0.003 -21"><span class='ocrx_word' id='word_1_217' title='bbox 220 4420 247 4485; x_wconf 92' lang='lat'>1)</span> <span class='ocrx_word' id='word_1_218' title='bbox 264 4418 404 4469; x_wconf 80' lang='lat' dir='ltr'>Paucissimi</span> <span class='ocrx_word' id='word_1_219' title='bbox 420 4418 467 4469; x_wconf 90' lang='lat' dir='ltr'>loci</span> <span class='ocrx_word' id='word_1_220' title='bbox 484 4419 510 4469; x_wconf 86' lang='lat' dir='ltr'>in</span> <span class='ocrx_word' id='word_1_221' title='bbox 527 4418 565 4468; x_wconf 85' lang='lat' dir='ltr'>his</span> <span class='ocrx_word' id='word_1_222' title='bbox 581 4418 690 4470; x_wconf 86' lang='lat' dir='ltr'>omnibus</span> <span class='ocrx_word' id='word_1_223' title='bbox 707 4420 805 4481; x_wconf 85' lang='lat' dir='ltr'>fabulis,</span> <span class='ocrx_word' id='word_1_224' title='bbox 823 4420 909 4487; x_wconf 85' lang='lat' dir='ltr'>quibus</span> <span class='ocrx_word' id='word_1_225' title='bbox 925 4421 1045 4472; x_wconf 83' lang='lat' dir='ltr'>lenissime</span> <span class='ocrx_word' id='word_1_226' title='bbox 1062 4426 1086 4472; x_wconf 83' lang='lat' dir='ltr'>et</span> <span class='ocrx_word' id='word_1_227' title='bbox 1103 4424 1235 4473; x_wconf 84' lang='lat' dir='ltr'>verecundo</span> <span class='ocrx_word' id='word_1_228' title='bbox 1253 4424 1381 4489; x_wconf 87' lang='lat' dir='ltr'>reprehen-</span> 
     </span>
     <span class='ocr_line' id='line_1_32' title="bbox 184 4501 611 4567; baseline 0.005 -17"><span class='ocrx_word' id='word_1_229' title='bbox 184 4501 275 4550; x_wconf 82' lang='lat' dir='ltr'>duntur</span> <span class='ocrx_word' id='word_1_230' title='bbox 290 4502 354 4551; x_wconf 77' lang='lat' dir='ltr'>infra</span> <span class='ocrx_word' id='word_1_231' title='bbox 371 4501 514 4567; x_wconf 82' lang='lat' dir='ltr'>explanandi</span> <span class='ocrx_word' id='word_1_232' title='bbox 531 4504 611 4552; x_wconf 87' lang='lat' dir='ltr'>erunt.</span> 
     </span>
    </p>
   </div>
   <div class='ocr_carea' id='block_1_9' title="bbox 220 4554 1344 4654">
    <p class='ocr_par' dir='ltr' id='par_1_11' title="bbox 220 4554 1344 4654">
     <span class='ocr_line' id='line_1_33' title="bbox 220 4554 1344 4654; baseline 0.005 -22"><span class='ocrx_word' id='word_1_233' title='bbox 220 4583 247 4650; x_wconf 77' lang='lat'>2&gt;</span> <span class='ocrx_word' id='word_1_234' title='bbox 264 4585 374 4649; x_wconf 69' lang='lat' dir='ltr'>Quorum</span> <span class='ocrx_word' id='word_1_235' title='bbox 391 4600 451 4649; x_wconf 86' lang='lat' dir='ltr'>qnae</span> <span class='ocrx_word' id='word_1_236' title='bbox 466 4583 597 4650; x_wconf 79' lang='lat' dir='ltr'>plurimam</span> <span class='ocrx_word' id='word_1_237' title='bbox 613 4584 702 4635; x_wconf 79' lang='lat' dir='ltr'>habent</span> <span class='ocrx_word' id='word_1_238' title='bbox 717 4554 877 4652; x_wconf 80' lang='lat' dir='ltr'>fidem&#39;snprs</span> <span class='ocrx_word' id='word_1_239' title='bbox 892 4585 959 4635; x_wconf 84' lang='lat' dir='ltr'>brevi</span> <span class='ocrx_word' id='word_1_240' title='bbox 975 4587 1106 4637; x_wconf 80' lang='lat' dir='ltr'>summario</span> <span class='ocrx_word' id='word_1_241' title='bbox 1123 4588 1223 4637; x_wconf 83' lang='lat' dir='ltr'>collecta</span> <span class='ocrx_word' id='word_1_242' title='bbox 1239 4589 1344 4654; x_wconf 82' lang='lat' dir='ltr'>exposui</span> 
     </span>
    </p>
   </div>
   <div class='ocr_carea' id='block_1_10' title="bbox 0 0 1637 5217">
    <p class='ocr_par' dir='ltr' id='par_1_12' title="bbox 0 0 1637 5217">
     <span class='ocr_line' id='line_1_34' title="bbox 0 0 1637 5217; baseline 0 0"><span class='ocrx_word' id='word_1_243' title='bbox 0 0 1637 5217; x_wconf 95' lang='lat' dir='ltr'> </span> 
     </span>
    </p>
   </div>
  </div>
 </body>
</html>
