3250 5217
825 393 889 458 110

263 573 413 639 fluctibus
438 578 470 639 et
492 573 640 659 procellis
662 573 697 638 in
723 575 900 639 contrarias
923 578 1030 659 partes
1053 574 1165 640 misere
1182 577 1323 661 jactatur
1336 577 1378 663 ¹),
1396 575 1459 639 huc

134 746 138 753 ,
263 679 340 743 illuc
366 678 544 745 fluctuabat
566 680 785 746 diversissimis
810 680 910 745 animi
929 681 1225 765 perturbationibus
1248 682 1407 747 obnoxius
1419 680 1457 768 ²).

263 784 398 872 Oportet
421 791 527 852 autem
547 790 692 871 poetam,
715 790 752 851 ut
771 808 899 851 omnem
919 786 1090 865 artificem,
1111 788 1275 852 materiem
1287 788 1348 852 sibi
1368 787 1457 852 sub-

259 892 413 976 jectam
441 893 539 977 inque
567 915 637 957 eam
660 892 829 977 imperium
854 892 942 957 velut
966 893 1170 958 dictatorium
1195 893 1328 972 habere,
1352 894 1401 957 ita
1421 894 1459 957 ut

263 1000 304 1063 ad
328 1022 416 1063 suurn
442 999 608 1063 arbitrium
633 1021 702 1064 eam
727 999 850 1084 fingere
874 1002 907 1063 et
930 999 1129 1065 conformare
1147 1001 1258 1086 possit.
1284 999 1332 1066 At
1349 1019 1458 1065 vereor

263 1127 304 1170 ne
339 1107 448 1169 noster
482 1104 543 1180 hac
577 1105 767 1175 auctoritate
802 1105 940 1171 caruerit
971 1110 1004 1170 et
1033 1106 1068 1170 in
1099 1106 1205 1191 ipsum
1237 1107 1361 1191 potius,
1385 1128 1458 1171 cum

263 1216 329 1275 tam
372 1211 511 1277 incertus
553 1214 707 1297 penderet
749 1211 866 1289 animi,
907 1212 1054 1278 materies
1096 1212 1264 1297 imperium
1299 1213 1456 1279 habuerit.

263 1316 348 1383 Nam
387 1340 485 1402 quum
519 1321 665 1403 pergeret
699 1340 768 1382 eam
797 1340 843 1405 ‘ex
877 1318 1018 1402 antiquis
1054 1318 1173 1403 mythis
1209 1319 1352 1403 haurire,
1386 1339 1458 1383 om·

265 1423 342 1489 nino
384 1423 545 1509 expositus
580 1427 649 1488 erat
678 1423 846 1488 affectibus
880 1424 976 1489 variis
1011 1446 1091 1509 quos
1126 1426 1300 1491 movebant
1332 1424 1459 1489 fabulae

264 1529 507 1614 mythologicae.
543 1528 609 1595 Ubi
642 1529 742 1614 igitur
777 1530 822 1593 dii
858 1529 998 1594 crudeles
1029 1534 1086 1594 aut
1114 1531 1256 1615 impuros
1288 1554 1321 1596 se
1350 1552 1459 1616 praes-
1604 1593 1605 1610 ἶ

263 1636 378 1700 tabant
409 1657 475 1700 non
508 1638 636 1721 poterat
665 1636 744 1720 quin
775 1636 901 1720 probris
930 1657 984 1700 eos
1018 1636 1183 1715 obrueret,
1216 1640 1290 1701 dum
1308 1639 1459 1701 testare-
1503 1640 1507 1646 '
1604 1625 1605 1654 ³

265 1744 317 1805 tur
340 1742 420 1806 tales
444 1742 517 1807 deos
541 1742 646 1808 nullos
666 1764 742 1807 esse.
774 1741 822 1806 At
841 1742 897 1807 ubi
919 1741 1048 1826 mythos
1064 1743 1169 1827 justos
1190 1743 1362 1808 exhibebat
1384 1743 1460 1807 deos
1604 1745 1605 1752 ’

264 1847 407 1933 nullique
442 1848 617 1933 subjectos,
649 1847 730 1912 nihil
762 1848 931 1912 dubitabat
961 1848 1040 1933 quin
1073 1869 1126 1913 eos
1155 1848 1207 1933 pie
1231 1848 1405 1913 celebraret
1427 1851 1460 1913 et

262 1952 414 2017 laudaret.
441 1953 492 2018 Ita
515 1953 635 2019 lactum
660 1957 708 2018 est
729 1956 767 2029 ut
788 1954 824 2017 in
847 1954 942 2019 huius
965 1954 1119 2038 temporis
1138 1954 1256 2019 fabulis
1273 1954 1455 2020 nonsolum

188 2138 190 2143 ,
262 2060 297 2123 in
317 2059 450 2124 diversis
474 2060 645 2145 tragoediis
669 2061 724 2124 sed
747 2060 844 2123 etiam
859 2060 898 2131 ¹in
921 2060 1033 2124 iisdem
1055 2064 1091 2124 ut
1114 2060 1209 2127 Hero.
1232 2061 1253 2125 f.
1269 2062 1339 2128 lon.
1353 2059 1457 2127 Orest.

262 2164 333 2251 Iph.
363 2165 400 2230 Τ.
428 2166 477 2232 El.
508 2168 575 2231 tam
602 2166 783 2252 pugnantia
813 2165 967 2251 legamus,
1002 2165 1112 2231 Solum
1136 2165 1321 2251 Supplicem
1346 2166 1457 2231 drama

261 2270 351 2335 nulla
373 2272 537 2356 impietate
560 2271 685 2356 flagrat.
734 2312 736 2319 ·

308 2375 402 2441 Hanc
439 2377 648 2461 impotentem
681 2377 933 2441 inconstantiam
971 2377 1042 2461 quis
1083 2378 1223 2462 probet?
1269 2378 1347 2453 Quis
1391 2399 1457 2442 non

263 2482 369 2547 doleat
406 2480 519 2567 poetae
557 2483 691 2548 defuisse
727 2483 829 2548 animi
860 2483 943 2561 vim,
980 2487 1018 2552 ut
1048 2487 1118 2547 tota
1153 2506 1186 2548 re
1223 2484 1349 2569 penitus
1384 2506 1457 2567 per·

263 2589 421 2672 vestigata
451 2589 695 2653 alterumutrum
724 2592 908 2654 constanter
942 2593 1147 2674 sequeretur?
1175 2588 1244 2655 Neo
1275 2598 1383 2654 tamen
1406 2590 1455 2653 id·

263 2695 347 2760 circo
374 2696 579 2759 statuendum
607 2698 656 2759 est
681 2718 752 2761 eum
777 2699 884 2761 mente
904 2695 1057 2780 impium,
1080 2696 1192 2782 lingua
1216 2696 1323 2780 pium,
1348 2698 1456 2781 aperte

262 2801 433 2865 mentitum
458 2822 524 2865 esse
546 2804 579 2866 et
601 2801 776 2867 simulasse.
809 2800 870 2877 Qui
897 2802 1040 2867 omnium
1070 2802 1209 2867 maxime
1232 2803 1306 2866 deos
1328 2804 1457 2866 sanctos

263 2905 426 2972 habendos
450 2930 516 2972 esse
536 2909 677 2987 censuit,
700 2908 727 2973 is
751 2908 894 2992 profecto
919 2908 954 2971 in
979 2908 1114 2993 singulis
1138 2908 1290 2992 exemplis
1311 2907 1457 2993 justitiae

263 3014 359 3078 etiam
383 3017 456 3078 deos
476 3015 645 3099 populares
665 3015 785 3079 sincere
802 3014 932 3080 laudare
953 3014 1067 3099 potuit.
1092 3013 1174 3078 'I'um
1195 3014 1298 3078 solum
1310 3013 1458 3078 Herculis

262 3120 325 3187 fur.
349 3125 572 3205 argumentum
596 3124 763 3205 tantopere
787 3120 853 3185 eius
878 3120 1084 3204 opinionibus
1103 3124 1263 3204 repugnat
1282 3122 1319 3183 ut
1331 3124 1458 3183 corruat

264 3226 422 3291 sententia
447 3226 482 3290 in
506 3226 608 3311 ipsam
632 3227 773 3292 fabulam
792 3226 1013 3310 imprudenter
1032 3226 1160 3290 inserta.
1183 3223 1297 3310 Neque
1316 3229 1457 3290 veterum

262 3355 454 3418 quemquam
482 3332 572 3397 illam
602 3333 852 3398 inconstantiam
884 3332 975 3416 quasi
1004 3332 1168 3397 mendacia
1200 3332 1249 3397 vel
1280 3330 1457 3395 simulatio·

262 3461 336 3503 nem
363 3440 490 3503 notasse
513 3438 738 3522 comperimus;
766 3438 1001 3522 Aristophanes,
1020 3438 1134 3503 saltem
1157 3439 1223 3503 tale
1246 3438 1366 3503 crimen
1391 3460 1457 3503 non

262 3545 407 3629 attingit.
442 3545 581 3609 Accusat
616 3567 688 3609 eum
720 3545 890 3623 ἀσεβείαις,
923 3545 1009 3628 quod
1041 3568 1083 3609 an
1116 3546 1160 3609 dii
1181 3549 1287 3609 essent
1310 3544 1458 3610 dubitare

265 3651 438 3729 videretur3
473 3650 648 3715 cuiusmodi
671 3650 845 3715 sententias
868 3650 895 3714 si
919 3650 1094 3734 prudenter
1119 3651 1276 3716 omisisset
1298 3654 1331 3715 et
1355 3651 1458 3715 multo

266 3757 369 3842 igitur
399 3756 501 3841 magis
529 3756 709 3822 simulasset
736 3778 831 3841 quam
856 3776 941 3821 nuno
964 3756 1154 3841 quibusdam
1177 3758 1320 3836 videtur,
1343 3757 1456 3841 procul

261 3862 358 3952 dubio
382 3861 522 3947 impunis
545 3862 705 3927 evasisset.

309 3968 370 4034 Sed
381 3968 468 4034 illius
480 3968 710 4052 discrepantiae
722 3967 801 4033 mihi
812 3967 984 4052 aliquando
997 3968 1106 4053 paullo
1119 3968 1244 4035 diversa
1254 3992 1349 4035 causa
1360 3970 1458 4037 fuisse

295 4194 321 4259 l)
340 4193 438 4259 Optime
466 4194 601 4243 Mommsen
627 4209 666 4259 pg.
690 4193 748 4247 9072
777 4191 919 4256 nDerjenige
943 4192 1069 4257 Unglaube
1091 4192 1193 4242 welches
1214 4195 1258 4243 der
1279 4184 1458 4245 verbweilelnde

261 4274 352 4326 Glanbe
369 4276 414 4335 ist,
432 4275 499 4325 redet
515 4290 557 4326 eus
576 4276 664 4325 diesem
682 4275 781 4324 Dichter
797 4274 843 4324 mit
861 4274 1038 4324 daemonischer
1056 4273 1173 4324 Gewslt''.

294 4360 321 4422 2)
338 4360 428 4408 Nostra
440 4374 534 4423 quoqne
549 4362 639 4417 estate,
654 4373 714 4422 quse
729 4372 814 4419 magns
828 4373 856 4407 ex
872 4362 940 4421 purte
953 4358 1039 4406 similis
1053 4362 1089 4406 est
1102 4374 1160 4406 aevo
1176 4358 1318 4423 Euripidae,
1333 4358 1406 4408 multi
1415 4360 1457 4407 ho·

261 4442 338 4492 mines
353 4441 517 4500 inveniuntur,
535 4440 577 4506 qui
594 4440 680 4490 incerti
697 4444 721 4488 et
739 4440 792 4503 regi
810 4440 882 4489 nodo
900 4442 977 4489 Deum
993 4456 1042 4488 esse
1056 4441 1157 4488 credunt
1170 4441 1254 4489 mundi
1269 4442 1457 4499 moderatorem,

264 4524 335 4573 modo
351 4540 407 4574 vero
424 4539 479 4573 eam
495 4540 544 4573 esse
562 4528 674 4589 negantes
691 4522 771 4572 omnis
789 4526 880 4571 temere
894 4527 936 4572 eut
950 4523 1056 4572 naturali
1070 4523 1209 4573 necessitate
1222 4525 1350 4589 procedere
1362 4530 1458 4590 putant
