3250 5217
780 417 799 480 9

240 598 357 662 Aeolus
389 602 422 662 et
452 598 565 662 Peleus
597 603 667 663 aeta
697 602 775 663 sunt
805 603 880 663 aute
904 599 952 663 Ol.
980 600 1053 676 89,1
1080 600 1154 683 quia
1179 599 1214 662 iu
1237 598 1388 664 Nubibus
1404 612 1453 661 423

192 704 406 789 respieiuntur
419 703 456 792 ¹).
481 704 681 769 Stheneboea
704 708 737 770 et
761 705 899 770 Theseus
918 707 994 769 aute
1015 704 1455 789 01.89,2quiaquibus-aa

193 814 267 875 dam
291 810 468 896 Vesperum
493 810 572 875 loeis
596 812 740 895 exemplo
762 811 900 891 fueret.

240 916 421 1001 Melanippe
444 916 571 1001 sapiens
594 919 669 981 ante
693 916 833 995 01.92‚1
862 920 897 981 ut
919 918 1036 982 docent
1054 916 1386 1001 LysistrataetThes-
1403 936 1453 984 411

196 1021 455 1107 mophoriazusae
469 1024 502 1101 ³).

241 1128 288 1193 De
322 1128 504 1212 Melanippa
537 1128 658 1205 altera,
691 1129 870 1208 δεσμώτιδι,
903 1129 984 1192 nibil
1014 1129 1161 1193 traditur.
1194 1129 1241 1193 At
1263 1129 1317 1194 rix
1340 1150 1391 1192 me

194 1236 288 1298 teneo
312 1234 391 1319 quin
416 1235 454 1298 de
477 1256 514 1299 ea
536 1236 751 1318 conjecturam
775 1239 939 1319 temptem.
956 1234 1142 1299 Athenaeus
1154 1234 1245 1313 (XVI
1257 1256 1310 1319 pg.
1326 1236 1391 1300 613

195 1339 234 1406 Ι).
259 1342 321 1425 sq.)
345 1362 384 1405 ex
406 1362 443 1405 ea
467 1341 607 1405 servavit
629 1341 723 1407 bosee
749 1364 857 1407 versus
881 1341 933 1426 (fr.
959 1342 1024 1406 495
1049 1343 1134 1425 apud
1154 1341 1325 1426 Dindorf):

376 1446 485 1527 οὐνδρῦν
511 1447 542 1511 δὲ
567 1448 675 1512 πολλοὶ
701 1454 753 1513 τοῦ
781 1450 918 1527 γέλωτος
942 1447 1050 1512 οὐνεκα

375 1554 502 1618 νίσκοῦσι
526 1554 662 1635 χοίριτας
690 1555 872 1633 κερτόμους·
898 1554 959 1631 ἐγὼ
982 1554 1014 1620 δέ
1040 1579 1103 1627 ποις

375 1666 454 1735 μισῶ
478 1661 635 1743 γελοίους,
660 1657 764 1731 οἵτινες
789 1663 891 1740 σοφῦν
916 1661 982 1740 πέρι

375 1764 508 1844 ἀχάλιν’
534 1763 640 1847 ἔχουσι
666 1767 833 1849 στόματα,
858 1767 919 1839 κείς
946 1768 1056 1846 ἀνδρῶν
1081 1769 1138 1842 μὲν
1161 1767 1195 1830 οὐ

377 1877 515 1936 τελοῦσιν
539 1872 682 1951 οῦριίροδν,
710 1874 739 1937 ἕν
765 1872 881 1951 γέλωτι
905 1874 1095 1952 δἐὐπρεπεῑς

376 1980 503 2043 οἰκοῦσιν
528 1977 623 2051 οίκους
648 1964 706 2043 καί
725 1980 767 2043 σοὶ
791 1981 1043 2054 ναυστολούμενα

377 2085 434 2149 ἔσο
457 2086 555 2163 δίμιον
579 2085 714 2167 σώζουσι.

241 2190 329 2255 Haeo
362 2191 458 2256 rerba
488 2192 541 2256 rix
574 2191 608 2255 iu
643 2192 780 2276 aliquem
805 2192 910 2256 loeum
934 2213 1007 2256 rere
1029 2190 1187 2273 tragicum
1210 2193 1322 2254 eadere
1344 2190 1392 2253 vi-

196 2298 321 2379 dentur,
353 2297 463 2381 itaque
495 2298 573 2361 mihi
604 2300 682 2361 nata
713 2303 761 2363 est
782 2298 920 2382 suspioio
944 2296 1119 2381 significari
1141 2295 1393 2379 Aristophanem

193 2404 321 2487 eiusque
343 2404 433 2487 jooos
456 2425 528 2468 eum
552 2404 732 2469 liberrimos
757 2408 826 2469 tum
852 2426 944 2488 saepe
967 2403 1147 2469 illiberales.
1174 2402 1261 2467 Ante
1285 2402 1393 2466 omnia

195 2531 240 2573 vs.
282 2510 301 2573 2
338 2513 371 2573 et
400 2511 420 2573 3
453 2510 546 2574 uobis
581 2511 774 2594 persuadent
808 2515 911 2575 totum
946 2511 1052 2575 loeum
1088 2510 1239 2573 memoria
1273 2509 1393 2573 reeenti

196 2615 341 2699 propriae
365 2616 576 2681 contumeliae
599 2639 666 2682 esse
679 2618 929 2701 suppeditatum.
953 2616 1124 2701 Euripides
1136 2616 1242 2700 palam
1255 2616 1392 2680 interro-

196 2723 291 2803 gatus
322 2722 398 2805 quid
431 2722 470 2785 de
501 2722 720 2807 Aristophane
752 2723 887 2787 sentiret
915 2743 982 2785 non
1006 2722 1110 2799 aliter,
1133 2722 1258 2806 opinor,
1281 2722 1392 2804 loque-

195 2829 298 2902 retur;
334 2828 454 2911 optime
489 2828 598 2892 omnia
632 2829 667 2892 iu
702 2830 859 2894 oomieum
895 2832 1066 2913 quadrant.
1102 2826 1201 2892 Nulla
1232 2827 1393 2891 comoedia

194 2931 431 3017 Aristophanes
467 2934 558 2999 vivus
593 2937 659 2999 tam
696 2935 830 3000 ridioule
860 2936 894 2998 in
926 2956 1021 2999 scena
1054 2934 1194 3018 agitatus
1226 2940 1274 2997 est
1297 2956 1392 3017 quam

195 3037 549 3122 Thesmophoriaausis;
573 3063 689 3125 nempe
709 3043 831 3106 oeterae
852 3040 1033 3105 comoediae
1046 3043 1084 3103 ed
1099 3040 1279 3122 tragoedias
1292 3040 1393 3123 magis

195 3134 293 3229 quam
317 3166 388 3209 eum
413 3146 518 3230 ipsum
543 3148 748 3211 deridendum
774 3148 968 3232 compositae
991 3149 1068 3211 sunt
1095 3151 1117 3230 1.

241 3249 344 3326 Quare
370 3273 389 3315 a
412 3253 546 3317 veritate
568 3275 633 3319 non
654 3253 790 3317 multum
811 3252 889 3316 mihi
908 3253 1054 3317 aberrare
1065 3252 1174 3317 videor
1185 3252 1392 3335 Melanippen

198 3356 347 3433 δεσμῦσιν
377 3361 521 3422 statuens
555 3358 643 3424 brevi
674 3365 749 3442 post
778 3358 1123 3442 Thesmophorianusas
1153 3358 1174 3420 i.
1187 3379 1214 3421 e.
1239 3356 1289 3422 Ol.
1315 3358 1458 3434 92,1411

197 3484 310 3529 soenae
332 3486 399 3529 esse
422 3464 633 3529 commissam.

197 3714 246 3763 suit
275 3714 369 3764 disertis
394 3716 473 3766 verbis
498 3719 544 3767 duo
571 3719 679 3768 dramata
704 3720 820 3783 distingui
841 3720 897 3784 jure
919 3720 1055 3768 declaravit.
1080 3722 1176 3769 Cressas
1198 3725 1277 3769 autem
1295 3720 1391 3770 aliunde
1614 3782 1618 3793 Ι

198 3798 375 3847 novimusante
393 3799 432 3849 Ol.
452 3801 509 3859 88‚3
527 3800 660 3850 insonnem
678 3802 802 3866 prodiisse,
819 3818 851 3851 so.
869 3802 907 3851 Ol.
928 3803 984 3861 85,2
1001 3802 1055 3851 vide
1072 3819 1111 3867 pg.
1131 3805 1160 3851 15
1187 3804 1212 3852 si
1229 3804 1392 3853 uoeurateboe
1407 3810 1456 3858 425
1490 3810 1539 3857 438
1617 3808 1618 3880 1

197 3879 270 3928 sebol.
288 3880 404 3945 scriptum
422 3884 457 3929 est
475 3887 574 3947 apparet
592 3884 722 3948 Thyestem
739 3900 835 3949 quoque
853 3885 1015 3935 Aobarnenses
1030 3886 1196 3943 antecessisse,·
1212 3888 1301 3950 alioqui
1320 3887 1393 3952 serip-
1616 3893 1617 3898 ’

197 3964 237 4009 tor
254 3962 364 4011 dubitare
382 3978 429 4011 non
447 3964 570 4028 potuisset.

232 4044 259 4106 1)
277 4043 355 4092 Sehol.
378 4044 404 4093 in
427 4044 490 4094 Nub.
517 4044 594 4097 1371:
624 4050 772 4107 σιρμειοῦπαι
796 4046 824 4097 δὲ
847 4049 890 4097 σδν
908 4046 1038 4109 Εὐριπίδου
1056 4047 1146 4099 Α’ίολον
1162 4068 1184 4099 κ.
1193 4069 1218 4099 τ.
1229 4062 1252 4100 λ.
1270 4053 1295 4102 in
1314 4054 1389 4103 1154:

198 4127 266 4187 παρίιΙ
283 4127 318 4175 πα
336 4122 364 4175 tn
382 4126 486 4185 Πηλέως
504 4126 641 4189 Εὐριπίδου.

232 4210 259 4273 2)
277 4208 354 4260 Sebol.
373 4209 398 4257 in
417 4210 488 4274 Vesp.
508 4211 568 4260 lll:
588 4212 655 4273 παρδι
675 4213 710 4261 stc
729 4211 860 4274 Εὐριπίδου
879 4209 907 4262 ἐκ
923 4212 1078 4275 Σθενεβοίας,
1095 4216 1125 4264 oi.
1141 4216 1212 4265 sehol.
1229 4218 1254 4264 in
1269 4217 1391 4275 vs.1074;

198 4290 227 4338 ad
244 4290 315 4354 Vesp.
334 4306 356 4339 v.
375 4292 436 4340 313:
454 4290 467 4338 ὁ
485 4293 560 4353 λόγος
578 4288 606 4341 ἐκ
625 4292 728 4352 Θησέυς
745 4292 883 4356 Εὐριπιδου.

232 4373 258 4432 3)
277 4372 356 4421 Sehol.
381 4372 407 4420 in
429 4373 485 4437 Lys.
506 4374 570 4422 1125
588 4375 601 4422 ί
618 4376 713 4438 στίχος
730 4372 758 4425 ἐκ
778 4379 857 4438 σοφῆς
873 4378 1038 4436 Μελανίππης
1055 4376 1192 4440 Εὐριπίδου.
1210 4380 1351 4446 Tbesmoph.
1370 4397 1392 4431 v.

200 4452 260 4504 547:
279 4452 445 4511 Μελανίππας
462 4458 537 4502 ποιῦν
555 4454 663 4518 Φαίδρας
681 4475 717 4506 πε.

232 4535 260 4598 4)
279 4535 402 4593 lemniae,
421 4535 575 4598 Phoenissae,
593 4539 640 4588 duo
658 4540 837 4598 Aeolosioones,
854 4542 979 4610 l'rosgon,
998 4542 1166 4595 Aobarnenses.
