3250 5217
791 448 832 510 37

216 628 304 713 rupti
335 630 510 713 praemium
543 630 724 693 detulerunt
762 668 801 677 -
838 652 940 715 neque
963 653 1094 716 usquam
1119 630 1240 695 fraudis
1263 634 1350 696 certa
1374 632 1412 694 fit

216 735 336 799 mentio
352 738 375 818 ¹)
401 772 440 783 -
464 736 497 799 id
518 728 676 801 mihi'boe
696 739 790 801 modo
812 737 1033 821 explicandum
1054 738 1188 815 ridetur,
1201 742 1288 822 quod
1299 744 1411 822 poetae

215 842 268 907 isti
293 842 431 926 gregarii
455 842 588 907 traditas
611 841 696 926 leges
721 844 823 927 magis
849 846 1066 928 sequerentur,
1090 843 1258 927 Euripides
1281 866 1354 924 uero
1374 848 1411 908 ut

217 952 352 1013 novator
374 948 513 1033 praemio
535 949 688 1032 indignus
713 949 879 1015 videretur.

220 1052 222 1055 ’
262 1055 369 1121 Alites
399 1056 518 1140 posteri
544 1056 777 1141 judicaverunt.
807 1056 946 1120 Istorum
970 1057 1053 1120 enim
1078 1077 1175 1141 opera
1198 1078 1326 1141 prorsus
1351 1058 1408 1122 ob·

216 1162 343 1226 liberata
377 1166 470 1238 sunt3
505 1165 559 1227 sed
595 1162 766 1247 Euripides
803 1183 868 1226 non
900 1163 1003 1227 solum
1036 1162 1162 1227 Graecis
1194 1166 1226 1227 et
1246 1162 1409 1248 ¹Romanis

218 1289 325 1331 rerum
350 1268 493 1332 omnium
517 1271 698 1352 temporum
723 1269 826 1353 poetis
850 1268 979 1353 tragicis
1003 1291 1103 1353 usque
1126 1272 1166 1332 ad
1186 1268 1247 1332 hoe
1264 1271 1408 1333 nostrum

217 1395 329 1439 aevum
354 1376 498 1459 exemplo
521 1373 609 1439 fuere
629 1377 661 1437 et
685 1396 727 1439 ne
749 1375 826 1439 seris
849 1375 976 1459 quidem
1002 1376 1135 1439 saeculis
1157 1375 1192 1437 in
1216 1373 1409 1439 oblivionem

136 1504 140 1511 ·
215 1479 361 1547 abibunt.

260 1691 422 1777 Euripidis
450 1694 551 1779 igitur
573 1692 680 1757 indole
704 1697 737 1757 et
760 1694 837 1758 artis
860 1694 987 1758 ratione
1006 1693 1190 1759 brevissime
1213 1694 1410 1759 adumbratis

217 1801 362 1863 neutram
381 1799 517 1864 vidimus
536 1800 583 1863 ita
602 1800 808 1864 constitutam
828 1800 926 1864 fuisse
946 1804 982 1865 ut
1002 1800 1106 1864 variae
1118 1806 1225 1884 partes
1237 1801 1410 1885 aequalitet

217 1910 322 1970 essent
353 1906 541 1971 distributae
570 1910 601 1971 et
624 1906 763 1991 perfeeto
788 1927 945 1971 consensu
968 1906 1191 1984 cohaererent,
1215 1929 1323 1971 verum
1347 1908 1410 1971 alia

218 2011 349 2078 moleste
369 2013 531 2078 abundare
551 2014 613 2077 alia
634 2013 716 2077 male
737 2013 858 2097 negligi
878 2018 934 2077 aut
953 2013 1079 2089 abesse;
1100 2051 1141 2061 -
1163 2034 1296 2097 eumque
1320 2016 1353 2077 et
1374 2014 1408 2077 in

216 2120 300 2183 ritae
334 2120 512 2184 rationibus
547 2123 578 2184 et
601 2120 635 2184 in
661 2123 728 2184 arte
752 2120 895 2205 tragica,
918 2141 990 2184 eum
1012 2120 1131 2184 tradita
1150 2124 1183 2183 et
1202 2120 1321 2183 usitata
1343 2141 1409 2184 non

218 2224 411 2302 sufficerent,
444 2246 527 2289 nora
561 2227 731 2311 temptasse
755 2247 812 2290 nee
836 2228 944 2289 tamen
966 2226 1006 2289 ad
1029 2226 1125 2290 finem
1150 2228 1333 2310 perduxisse
1356 2229 1410 2292 sed

217 2330 337 2395 viribus
362 2332 580 2397 definientibus
602 2332 636 2395 in
662 2331 782 2396 difficili
806 2333 923 2395 conatu
948 2331 1093 2398 haesisse.

261 2436 387 2501 Exinde
406 2459 590 2523 possumus,
610 2438 642 2501 id
662 2438 749 2522 quod
769 2438 897 2523 proprie
917 2440 1114 2523 propositum
1126 2443 1211 2518 erat,
1224 2440 1409 2524 diligentius

215 2542 375 2629 inquirere
398 2545 475 2628 quid
500 2545 538 2609 de
560 2544 657 2608 variis
678 2545 771 2609 rebus
794 2544 978 2609 meditando
1002 2546 1242 2629 cognoueritet
1264 2548 1407 2612 senserit.
1464 2603 1467 2610 .

250 2796 276 2860 1)
297 2796 407 2846 Aelianus
424 2798 465 2862 (V.
482 2798 515 2847 H.
535 2799 569 2847 11.
588 2800 614 2859 8)
633 2801 758 2863 postquam
775 2798 871 2847 rettulit
889 2798 1028 2864 Euripidem
1045 2804 1108 2859 (eum
1126 2798 1260 2849 Alexandro
1283 2802 1408 2851 Palamede

171 2868 173 2875 ¹
215 2878 347 2927 Troadibus
370 2880 484 2946 Sisypho)
508 2880 597 2930 vietum
616 2897 665 2929 esse
683 2896 696 2929 a
714 2880 818 2930 Xenoole
832 2882 948 2945 quodam,
966 2882 1097 2946 subjungit:
1117 2884 1216 2945 γελοῖον
1234 2881 1261 2931 δὲ
1278 2881 1318 2947 (οὔ
1336 2885 1407 2947 γὰμ)

213 2959 333 3012 Ξενοκλέα
350 2962 395 3021 μὲν
414 2967 493 3019 νικᾶν,
511 2960 640 3024 Εὐριτιῢηι
658 2961 685 3011 δὲ
703 2961 829 3018 ἡττᾶσθαι
847 2962 888 3011 καὶ
906 2965 992 3011 τοῦτο
1009 2963 1134 3022 τοιούτοις
1151 2963 1286 3026 δράμασιν·
1306 2965 1408 3023 §dvon-

213 3059 254 3091 τοι
270 3040 331 3100 bosv
345 3044 371 3092 οἱ
382 3047 428 3102 τῆς
445 3042 528 3107 ψήφου
544 3043 619 3106 κύριοι
637 3044 680 3093 aui
689 3043 792 3110 ἀμαθεῖς
801 3043 844 3092 κοῒ
852 3046 929 3105 πόρρω
938 3045 1039 3105 κρίσεως
1048 3044 1139 3107 opificii
1152 3043 1325 3103 ἐδεκάοθησοιν.
1340 3050 1407 3113 Quae

213 3128 315 3175 recentis
333 3127 435 3176 auctoris
453 3126 603 3178 ratiocinatio
621 3128 756 3192 argumenti
775 3127 825 3175 vioe
842 3126 910 3191 fungi
926 3128 1016 3191 nequit.
