3250 5217
819 391 861 454 40

246 578 299 643 Ad
330 597 411 661 quae
441 574 481 639 V.
515 577 651 638 annotat
681 573 796 659 (Diatr.
820 596 853 657 p.
880 573 954 657 27);
983 572 1161 637 ›Tortuosa
1183 577 1288 637 autem
1316 574 1356 635 de
1379 572 1440 634 ob·
1546 633 1548 635 ,

245 685 343 748 scuris
378 690 511 745 naturae
545 681 639 745 rebus
674 680 967 765 philosophemata,
1004 678 1111 763 qualia
1146 682 1287 743 veterum
1310 698 1440 762 quoque

245 790 375 853 fuerunt
408 787 443 850 in
478 786 572 851 Ionia
606 786 815 871 Physicorum
846 789 922 849 ante
956 784 1195 870 Anaxagoram,
1232 783 1288 869 qui
1317 784 1441 867 primus

246 894 362 970 Deum,
387 897 526 957 mentem
547 914 659 976 puram
679 896 711 957 et
728 891 891 955 infinitam
911 914 930 956 a
951 887 1083 956 materia
1103 890 1278 975 separavit,
1307 890 1442 953 damnat

245 999 413 1084 Euripides
435 1000 470 1063 in
493 998 576 1084 his‘’‚
602 1002 662 1064 etc.
680 997 703 1083 ¹)

291 1104 372 1169 Mihi
399 1125 473 1170 roro
503 1105 566 1169 ista
582 1104 759 1187 explicatio
783 1103 956 1168 tortuosior
979 1104 1103 1168 videtur
1134 1125 1231 1187 quam
1254 1101 1439 1167 lonicorum

246 1212 540 1299 philosophema,
574 1232 631 1275 nec
663 1210 754 1273 video
783 1210 941 1293 quomodo
966 1232 1004 1274 ex
1028 1210 1078 1275 his
1102 1210 1222 1288 verbis,
1246 1210 1309 1274 nisi
1332 1212 1441 1274 mente

245 1321 312 1405 ipse
335 1315 438 1384 multa
462 1318 610 1402 adjicias,
634 1316 694 1381 iste
718 1338 829 1380 seusus
853 1316 921 1380 erui
942 1317 1053 1400 possit.

291 1422 383 1489 Nihil
415 1444 473 1487 nos
506 1423 597 1488 docet
620 1423 715 1487 verbo
740 1423 1010 1501 »μετεωρολόγος”
1035 1411 1110 1488 ante
1133 1445 1243 1488 omnes
1265 1423 1442 1508 significari

246 1532 367 1594 veteres
391 1528 596 1613 physiologos
619 1527 757 1618 Ionicos.
780 1528 899 1593 Nonne
917 1529 1127 1614 Anaxagoras
1146 1531 1214 1615 ipse
1233 1536 1301 1596 erat
1319 1556 1440 1606 μετεω-

246 1634 390 1714 potirer,
418 1635 474 1718 qui
508 1638 589 1699 teste
622 1633 717 1718 Diog.
742 1634 869 1699 Laertio
894 1635 957 1721 (ΙΙ,
984 1636 1014 1712 3,
1042 1637 1094 1714 10)
1119 1638 1270 1715 ἐρωτηθείς
1296 1660 1371 1701 ποτε
1396 1637 1440 1709 είς

247 1742 279 1806 τί
308 1742 477 1819 γεγένηται
489 1762 496 1816 ;
521 1742 575 1812 ule
597 1742 736 1819 θεωρίαν,
758 1744 838 1821 ἔφη,
860 1742 946 1815 ἧλίον
966 1742 1018 1805 καὶ
1038 1746 1166 1817 σελήνης
1188 1742 1240 1806 καὶ
1258 1740 1399 1821 οὐρανοῦί
1413 1741 1441 1827 ⁹)

247 1848 365 1915 Nonne
385 1846 553 1932 Euripides
575 1848 642 1932 ipse
663 1851 700 1911 ut
716 1850 783 1933 jam
804 1852 899 1913 antea
918 1849 1056 1913 vidimus
1069 1852 1096 1932 ³)
1109 1850 1174 1933 (pg.
1189 1849 1231 1912 20
1244 1850 1306 1936 sq.)
1318 1848 1442 1913 studuit

248 1963 309 2020 νοίο
334 1954 491 2031 μετεώροις
517 1952 724 2032 sesanam?
757 1954 1164 2039 Philosophiae'Elcuticae
1188 1955 1238 2019 vel
1262 1954 1441 2020 Socraticae

248 2061 297 2125 vel
329 2060 511 2125 Platonicae
540 2062 677 2124 sectatur
700 2061 747 2124 ita
770 2058 859 2145 loqui
882 2064 1022 2145 poterat,
1048 2082 1113 2125 non
1138 2059 1352 2145 Anaxagorae
1374 2059 1440 2124 dis·

247 2166 380 2250 cipulus.
404 2165 505 2241 Quam
530 2188 643 2250 parum
670 2166 755 2230 enim
780 2172 845 2236 νοῦς
870 2165 924 2231 ille
950 2165 1187 2245 Ἀναξαγόρειον
1212 2166 1441 2250 explicationes

248 2271 394 2356 physicas
418 2272 597 2349 sustulerit,
621 2275 707 2356 quod
730 2271 772 2337 V.
797 2272 993 2337 existimasse
1013 2273 1156 2349 videtur,
1179 2274 1272 2337 docet
1295 2271 1441 2337 Socrates

247 2382 377 2461 questus
398 2381 483 2462 apud
504 2377 672 2443 Platonem
693 2379 827 2463 (Phaet.
850 2379 892 2443 98
914 2380 942 2443 b.
955 2379 994 2465 c.)
1013 2380 1171 2459 cicatrice
1182 2382 1224 2457 τῷ
1238 2381 1294 2455 μὲν
1308 2380 1345 2458 νῷ
1358 2379 1441 2445 οὐδὲν

248 2486 402 2565 χρώμενον
438 2484 504 2549 οὐδὲ
526 2508 624 2555 τινας
658 2487 762 2558 αἰτίας
797 2487 1015 2563 ἒπαντνώμενον
1046 2491 1088 2559 riq
1122 2487 1157 2552 τὸ
1190 2488 1366 2562 διακοσμεῖν
1397 2487 1439 2551 τὰ

248 2591 448 2669 πράγματα,
478 2592 569 2669 οίέρας
595 2592 625 2656 δὲ
651 2592 703 2655 καὶ
728 2592 849 2670 αίίίραρ
875 2592 926 2656 καὶ
951 2591 1053 2656 ὕδατα
1077 2595 1255 2669 αἰτιώμενον
1277 2593 1329 2658 καί
1351 2593 1441 2657 ἄλλα

248 2699 354 2762 πολλοὶ
386 2696 437 2760 καὶ
463 2696 579 2762 ἄτοπα.
609 2695 695 2772 Quae
718 2698 820 2783 igitur
843 2703 987 2764 tortuosa
1010 2698 1288 2784 philosophemata
1311 2699 1351 2765 V.
1376 2699 1441 2763 dis-

247 2802 388 2887 cipulum
424 2800 636 2888 Anaxagorae
671 2804 706 2868 in
742 2804 940 2889 physiologis
973 2788 1093 2869 'Ionicis
1123 2809 1290 2871 damnasse
1322 2792 1442 2882 voluit,

249 2910 358 2972 eadem
382 2908 417 2972 in
440 2908 538 2992 ipsius
561 2907 774 2994 Anaxagorae
794 2910 962 2995 disciplina
980 2911 1118 2975 inveniri
1136 2912 1275 2977 ostendit
1286 2912 1441 2977 Socrates.

249 3014 476 3098 interpretatio
500 3015 563 3079 ista
588 3036 664 3100 ergo
687 3016 774 3081 haud
797 3017 893 3081 dubie
915 3016 996 3081 falsa
1018 3023 1076 3084 est.

294 3119 346 3185 Me
366 3120 473 3205 judice
496 3121 552 3185 illa
575 3123 671 3187 verba
693 3122 794 3187 multo
815 3121 1012 3207 probabilius
1032 3127 1064 3187 et
1082 3122 1257 3207 simplicius
1276 3123 1444 3188 ascribun-

249 3230 303 3289 tur
334 3226 431 3291 choro
463 3228 569 3293 neseio
599 3229 666 3311 cui,
699 3233 870 3314 postquam
902 3230 977 3293 deos
1006 3230 1112 3294 rivere
1136 3233 1168 3293 et
1192 3230 1298 3314 vigere
1320 3229 1444 3295 scelesti

252 3333 384 3398 alicuius
409 3335 493 3419 regis
517 3334 651 3399 interitu
674 3335 740 3399 sive
764 3334 827 3398 alia
849 3334 974 3400 ratione
997 3335 1082 3400 claro
1105 3336 1220 3420 patuit.
1243 3334 1295 3400 Sic
1313 3336 1347 3401 in
1360 3334 1443 3400 Her-

250 3439 319 3505 cule
341 3439 467 3504 furente
491 3440 605 3504 chorus
628 3440 730 3504 occiso
754 3440 841 3525 Lyco
865 3442 1023 3506 exclamat
1045 3444 1089 3525 (ν.
1116 3441 1210 3527 757)

456 3547 503 3615 τίς
529 3549 543 3609 α’
568 3545 649 3617 θεοὺς
672 3546 786 3629 οὶνομίᾳ
809 3548 943 3626 χραίνων
967 3549 1069 3620 tanate
1094 3546 1132 3611 ὢν

456 3649 578 3731 ἄφρονα
602 3650 694 3731 λόγον
720 3653 861 3732 οὐρανίαν
885 3654 1032 3733 μακάρων
1057 3652 1229 3739 κατέβαλ’,

454 3760 493 3828 ὡς
518 3758 566 3838 ἄρ’
592 3760 625 3822 οὗ
650 3759 783 3823 chiscore
809 3760 886 3835 ίεοί;

197 3941 202 3958 ¹
296 3861 372 3927 Non
393 3863 494 3947 igitur
511 3864 545 3928 iu
559 3864 695 3949 aliquam
709 3866 851 3930 scholam
863 3863 1114 3951 philosophicam
1127 3868 1212 3932 dicta
1223 3868 1383 3943 videntur,
1400 3908 1441 3917 -

252 3988 355 4051 neque
387 3970 471 4033 enim
504 3970 672 4055 quisquam
696 3971 878 4036 lonicorum
903 3976 978 4037 deos
1001 3994 1067 4037 esse
1090 3973 1239 4058 negavit,
1265 4011 1306 4022 —
1330 3974 1442 4038 sedin

284 4173 312 4238 1)
331 4174 435 4224 Eandem
456 4175 678 4240 interpretationem
700 4179 833 4239 sequuntur
850 4177 991 4241 Bernhardy
1009 4181 1057 4243 (με.
1076 4178 1137 4243 365)
1155 4180 1180 4226 et
1196 4193 1218 4228 v.
1235 4179 1297 4227 doct.
1315 4178 1442 4245 Speugler,

249 4255 452 4320 (Theologumcna
472 4258 529 4307 Eur.
548 4261 589 4315 tr,
606 4257 632 4306 in
649 4271 730 4323 progr.
748 4274 827 4322 gymn.
845 4260 939 4308 Cathol.
958 4260 1008 4309 Gol.
1029 4260 1171 4323 laea-co)
1185 4276 1212 4309 ex
1220 4262 1363 4311 auctoritate
1372 4263 1443 4311 Vale·

249 4339 362 4389 keuaerii.

282 4421 311 4485 2)
329 4422 423 4471 Similia
439 4421 517 4471 multa
534 4437 556 4472 v.
574 4422 636 4487 apud
653 4422 804 4481 Seheubach,
820 4426 894 4473 Anax.
912 4422 976 4475 cler.
993 4423 1442 4490 fragmentacolleetaetc.pg.9,10.

284 4502 312 4568 3)
330 4504 380 4553 Ale.
401 4503 457 4552 962.
474 4518 508 4566 sq.
528 4498 579 4565 ἐγὼ
590 4541 595 4551 .
606 4540 611 4551 .
624 4540 645 4552 ..
664 4503 799 4566 μετάρσιος
817 4499 871 4569 ᾖξα.
