3250 5217
815 349 858 413 76

154 558 160 573 ·
280 526 384 603 Num,
411 528 439 593 si
462 529 529 593 eine
550 528 751 615 'disciplinam
776 533 846 596 toto
866 530 974 596 animo
993 530 1177 616 recepisset,
1198 532 1292 595 muta
1310 530 1426 596 incon·

236 634 356 717 stantia
378 634 465 701 inter
487 635 591 702 varias
613 633 778 720 religionis
800 636 919 701 formas
943 636 1131 701 fluctuasset
1153 639 1345 721 tantamque
1370 637 1430 703 du·

236 740 425 805 bitationem
440 738 466 827 1)
496 740 575 826 quid
604 743 644 806 de
675 742 807 807 summis
840 742 934 806 rebus
957 746 1100 835 censeret
1123 763 1199 827 prae
1223 765 1256 808 se
1279 744 1429 808 tulisset?

236 845 318 911 Tum
337 846 365 911 si
388 847 421 910 in
445 848 540 912 rebus
562 847 702 931 physicis
725 848 792 913 eius
816 848 1021 933 expressisset
1043 849 1179 938 placita,
1206 872 1312 915 nonne
1335 872 1427 935 prae·

236 954 328 1039 cipue
352 954 537 1019 inseruisset
558 953 677 1019 fabulis
699 976 737 1019 eo
762 954 835 1020 vivo
859 954 1011 1040 scriptis?

282 1057 403 1135 Quibus
435 1060 642 1124 consideratis
674 1081 711 1125 ac
741 1062 927 1146 ponderatis
955 1061 983 1126 si
1005 1061 1208 1127 recordamur
1232 1084 1328 1147 quam
1351 1061 1428 1126 sim-

236 1166 332 1251 plicia
362 1170 395 1231 et
424 1166 522 1251 plana
554 1166 621 1230 sint
651 1167 802 1251 dogmata
833 1167 1006 1253 Euripiden
1037 1173 1069 1232 et
1097 1190 1199 1253 quam·
1226 1169 1342 1233 similia
1372 1169 1430 1254 iis,

237 1295 318 1359 quae
346 1273 411 1358 jam
436 1278 558 1337 veteres
582 1273 757 1338 docuerant
779 1274 948 1359 genealogi
971 1278 1146 1359 postdeque
1168 1278 1327 1353 recentes,
1353 1296 1431 1340 con·

238 1379 429 1446 cludendum
452 1378 545 1444 uobis
565 1400 631 1444 esse
650 1379 775 1444 videtur
795 1402 867 1443 eum
891 1380 1078 1464 expressisse
1099 1380 1328 1465 cogitationes,
1350 1402 1431 1466 quae

237 1484 463 1551 eruditioribus
483 1485 568 1549 inter
587 1484 732 1569 aequales
751 1507 935 1550 communes
953 1490 986 1550 et
996 1486 1169 1555 familiares
1180 1490 1286 1552 essent
1298 1487 1430 1553 cunctis.

138 1631 140 1634 -
237 1590 323 1657 Nam
342 1595 380 1656 ut
398 1591 544 1656 omittam
565 1590 756 1676 Aeschylum
770 1596 802 1657 et
814 1590 1005 1677 Sophoclem
1018 1640 1026 1671 ‚
1039 1615 1132 1677 quem
1145 1594 1290 1678 quamvis
1304 1597 1432 1679 tragoe-

237 1698 298 1763 diis
318 1698 383 1763 suis
401 1698 497 1781 nihil,
520 1697 606 1783 quod
625 1698 666 1762 ab
686 1702 754 1763 arte
770 1699 895 1785 tragica
908 1698 1048 1764 alienum
1060 1704 1151 1783 esset,
1165 1700 1338 1764 admiscere
1349 1699 1432 1764 sole-

114 1880 116 1885 ,
237 1808 304 1883 ret,
326 1805 498 1889 aliquando
515 1809 622 1869 tamen.
642 1804 834 1889 sapientium
851 1806 1013 1870 doctrinas
1030 1805 1185 1889 respicere
1197 1807 1375 1891 accepimus
1387 1805 1431 1891 ⁹),

238 1932 347 1977 nonne
386 1912 548 1976 oraculum
580 1909 770 1996 Delphicum
800 1912 877 1975 olim
908 1912 948 1975 ab
982 1912 1195 1977 Alcmeonidis
1227 1918 1430 1997 corruptum,

237 2018 412 2083 recentiore
444 2018 597 2083 memoria
630 2040 650 2082 a
679 2018 892 2083 Themistocle
912 2017 1013 2102 ipsius
1036 2017 1194 2083 arbitratu
1217 2019 1431 2103 explicatum,

237 2124 420 2189 testimonio
440 2126 489 2188 est
511 2124 642 2189 remotis
661 2125 729 2209 jam
752 2124 948 2208 temporibus
971 2128 1098 2208 praeter
1120 2124 1327 2210 philosophos
1348 2127 1432 2191 viros

237 2229 352 2306 fuisse,
378 2229 435 2315 qui
458 2252 525 2295 non
545 2230 652 2295 omnia
676 2230 716 2295 ad
740 2231 871 2295 deorum
896 2235 1012 2295 nutum
1035 2231 1105 2295 fieri
1129 2232 1316 2297 crederent?
1347 2231 1433 2308 Quos

237 2336 273 2400 in
304 2336 439 2421 legendo
470 2336 611 2402 Hesiodo
643 2336 836 2402 intellexisse
859 2341 937 2422 puto
962 2339 1100 2416 cepaea
1124 2338 1175 2402 aul
1200 2340 1298 2410 Palae
1321 2340 1433 2404 matri-

237 2443 347 2509 monio
365 2441 539 2527 significari
558 2444 681 2508 coelum
705 2445 824 2507 terram
846 2442 1002 2509 imbribus
1025 2443 1220 2523 fecundans,
1245 2448 1340 2529 atque
1363 2466 1432 2510 om-

238 2548 316 2613 nino
340 2549 380 2613 ad
404 2570 515 2614 causas
535 2548 682 2634 physicas
704 2570 867 2614 revocasse
887 2570 953 2614 non
972 2550 1101 2635 quidem
1123 2550 1249 2635 omnia,
1262 2550 1431 2616 sedmnlta

239 2676 320 2738 quac
354 2655 592 2740 superstitiosae
627 2654 712 2739 plebi
746 2675 813 2719 non
844 2654 911 2720 sine
943 2656 1052 2743 diuina
1083 2678 1179 2743 opera
1202 2657 1316 2723 confici
1338 2680 1431 2744 posse

238 2760 432 2853 viderentur,

284 2865 353 2941 Quo
384 2889 479 2934 sensu
502 2872 542 2934 dc
565 2868 793 2954 antiquissimis
816 2868 1034 2954 mythologice
1053 2867 1266 2953 ‘scriptoribus
1289 2892 1309 2933 a
1331 2869 1432 2939 Glem.

238 2970 385 3039 Romano
410 2974 567 3060 (Recogn.
592 2976 632 3039 ad
655 2974 765 3040 Jacob.
790 2974 811 3039 l.
837 2974 883 3061 X)
903 2975 1025 3039 utiliter
1044 2977 1235 3038 annotatum
1256 2979 1321 3039 est:
1340 2976 1432 3041 ›Ho-

238 3100 311 3144 rum
341 3100 417 3165 ergo
449 3082 567 3165 scripta
597 3082 633 3145 in
666 3084 743 3145 duas
771 3083 878 3165 partes
901 3080 1135 3165 intelligentiae
1158 3079 1346 3145 dividuntur
1369 3081 1390 3145 i.
1404 3103 1431 3147 e.

239 3186 426 3268 seeundum,
446 3185 571 3251 literam
604 3190 637 3252 et
666 3187 839 3252 secundum
873 3186 1075 3271 allegoriam,
1101 3189 1133 3249 et
1155 3189 1196 3250 ad
1218 3208 1256 3251 ea
1278 3207 1360 3272 quae
1382 3211 1431 3254 se·

238 3294 376 3358 cundum
408 3293 533 3359 literam
566 3296 643 3359 sunt
669 3293 823 3377 ignobilis
853 3294 947 3357 turba
978 3292 1142 3357 confluxit.
1173 3291 1223 3358 Fla
1253 3316 1328 3359 vero
1351 3318 1432 3381 quae

238 3402 412 3466 secundum
437 3400 620 3486 allegoriam
645 3403 795 3465 constant
820 3400 924 3464 omnis
947 3399 1211 3484 philosophorum
1234 3403 1269 3464 et
1289 3403 1430 3467 erudito·

238 3526 309 3571 rum
333 3506 510 3590 loquacitas
533 3504 690 3570 admirata
712 3504 795 3571 est.’'

284 3611 535 3697 Anaxagorasne
566 3631 642 3703 ergo
672 3609 753 3675 nihil
782 3613 824 3675 ad
854 3609 1016 3696 Euripidis
1038 3611 1205 3696 ingenium
1227 3611 1431 3678 formandum

238 3719 409 3784 contulisse
429 3720 603 3785 censendus
623 3714 694 3783 est?
716 3718 849 3783 Minima
868 3740 952 3783 vero.
974 3718 1058 3784 Nam
1069 3719 1097 3783 is
1108 3719 1252 3803 profecto
1263 3720 1432 3804 ingenium

238 3994 349 4058 ponetur.
375 3992 411 4041 cf.
439 3990 541 4042 Brendie
566 3993 588 4041 1.
612 4008 651 4058 pg.
676 3992 724 4041 519
747 3994 798 4043 not.
825 3990 995 4056 ‚Wenugleich
1018 3990 1146 4057 Euripides
1169 3990 1375 4056 augeuscheinlieh
1391 3991 1434 4040 der

237 4073 317 4124 Iaehre
339 4075 379 4123 des
403 4083 554 4139 Anaxagoras
577 4072 677 4139 argeben
699 4088 749 4123 war
760 4112 834 4134 .....
851 4073 911 4123 doch
928 4073 1020 4123 scheint
1038 4089 1066 4123 cr
1081 4073 1132 4123 sich
1150 4072 1300 4123 ebeusowchl
1317 4090 1363 4123 von
1380 4074 1434 4123 darn

237 4156 334 4205 wahren
356 4155 532 4223 Mittelpunkte
554 4156 596 4207 dar
618 4159 694 4207 Anax.
710 4156 801 4217 habre,
819 4156 856 4207 als
866 4172 928 4207 vom
944 4156 1052 4207 Glanbeu
1070 4157 1113 4206 der
1129 4157 1205 4207 Vater
1224 4157 1330 4207 entiernt
1345 4173 1375 4207 an
1391 4157 1435 4207 hs·

238 4238 297 4299 beu,
314 4253 383 4289 wenn
399 4254 426 4288 er
443 4240 489 4289 den
507 4238 598 4290 Aether
614 4239 659 4289 mit
677 4241 731 4290 darn
748 4242 807 4289 Zeus
824 4237 1019 4290 instintione&

273 4322 300 4383 1)
317 4321 352 4370 (li
370 4320 523 4373 Truentus
540 4337 601 4387 sqq„
618 4322 648 4373 ir.
667 4322 728 4373 904.

269 4405 297 4471 2)
315 4404 345 4455 In
358 4404 409 4455 rita
425 4404 495 4455 Arati
510 4421 548 4470 pg.
566 4404 628 4457 2742
649 4402 691 4454 nal
707 4406 839 4469 Σοφοκλῆς
857 4404 907 4453 Δία
926 4404 970 4453 τὸν
986 4403 1055 4462 llam
1072 4407 1147 4455 καλεῖ
1162 4402 1259 4469 λόγων·
1274 4395 1367 4463 Ἥλιος
1384 4403 1432 4455 ola·

233 4484 321 4552 erlarii
338 4502 384 4549 με,
401 4484 428 4537 ta
446 4487 472 4538 ai
486 4486 560 4553 σοφοὶ
579 4486 684 4551 λέγουσι
704 4486 823 4551 γεννητὴν
840 4485 898 4537 mr
915 4485 959 4537 καὶ
974 4486 1074 4552 πατέρι
1089 4486 1196 4538 πάντων.
