3250 5217
549 371 552 378 ’
762 398 808 465 us

179 579 310 645 medius
339 582 452 645 sedc'ns
483 578 642 644 rotatione
672 582 776 645 totum
801 578 958 647 mundum
982 576 1156 648 c'on'timre.
1177 578 1249 647 Etsi
1272 586 1380 649 autem
1456 601 1462 612 ·

178 684 398 771 Anaxagoras
428 684 538 750 docuit
566 687 706 751 mentem
739 707 805 751 esse
838 685 902 752 rim
933 686 1121 753 effectricem
1151 691 1184 753 et
1214 689 1380 755 moti-icem

180 814 259 878 per
285 792 509 858 universas
540 812 603 887 res
634 791 788 872 fusam,
818 793 1071 879 posterioresque
1095 794 1222 858 demum
1245 794 1275 859 ei
1298 795 1380 859 divi-

180 899 323 963 nitatem
357 898 555 981 tribuerunt,
588 900 697 963 tamen
726 919 792 962 non
816 898 998 984 negaverim
1022 919 1080 984 pro
1102 898 1227 964 ratione
1250 890 1381 984 poeseos

179 1004 268 1070 illud
303 1003 464 1070 canticum
500 1004 605 1088 aptari
635 1025 727 1090 posse
758 1006 799 1069 ad
829 1003 1042 1090 Anaxagorea
1073 1004 1113 1069 de
1143 1007 1250 1070 mente
1281 1005 1381 1091 deque

182 1111 391 1194 περιχωρήσει
415 1110 544 1195 placita.
567 1108 679 1195 Neque
702 1111 765 1177 hue
784 1110 871 1176 locos
890 1110 1022 1176 afferam
1043 1108 1242 1177 declarantes
1260 1113 1382 1198 priores

182 1239 316 1304 quoque
337 1215 544 1301 philosophos
564 1220 685 1281 motum
703 1221 864 1283 rotantem
885 1217 1045 1300 docuisse;
1065 1237 1160 1282 nemo
1179 1218 1264 1283 enim
1285 1217 1381 1283 eide-

182 1325 281 1391 derat
303 1328 463 1399 auctorem
484 1322 662 1403 conscium,
677 1326 883 1407 prudentem,
896 1324 1053 1389 divinum.
1078 1322 1140 1391 Sed
1153 1324 1216 1389 alia
1227 1327 1275 1393 est
1286 1345 1381 1390 causa

122 1450 125 1456 ·
182 1452 246 1501 cur
270 1451 384 1514 parum
409 1428 513 1493 valeat
536 1430 684 1493 adversus
707 1451 809 1493 meam
833 1430 1019 1515 opinionem
1044 1429 1262 1515 fragmentum
1285 1452 1382 1513 supra

183 1537 344 1613 allatum3
366 1556 480 1619 nempe
503 1533 621 1599 citatur
643 1535 677 1599 id
701 1558 718 1600 e
740 1536 907 1621 tragoedia
931 1536 1095 1614 Pirithoo,
1118 1557 1215 1620 quam
1238 1535 1279 1601 ab
1302 1534 1382 1601 Eur.

181 1642 436 1728 abjudicandam
460 1663 526 1705 esse
549 1641 602 1706 rix
622 1641 698 1706 lieet
717 1642 878 1719 dubitare;
902 1664 975 1709 cum
995 1641 1132 1728 Sisypho
1153 1643 1239 1707 enim
1259 1642 1300 1706 ab
1322 1665 1382 1707 an·

183 1749 288 1835 tiquis
310 1747 427 1813 criticis
451 1745 568 1812 Critiae
591 1748 653 1813 fuit
676 1749 822 1834 ascripta.
848 1748 947 1834 Apud
958 1748 1078 1815 Athen.
1099 1748 1156 1813 XI.
1176 1748 1269 1814 4961)
1288 1747 1382 1814 dubi·

183 1855 303 1922 taturd
315 1854 367 1920 τὸν
380 1854 526 1934 Πειρίθοον
539 1853 669 1937 γράψας
682 1854 745 1920 εἴτε
756 1858 881 1936 Κριτίας
895 1856 978 1920 ἐστὶν
990 1856 1004 1921 ὃ
1016 1858 1158 1936 τύραννος
1172 1854 1190 1931 ἢ
1202 1855 1381 1941 Εὐριπίδης,

185 1966 222 2029 et
245 1964 419 2029 secundum
441 1960 541 2026 ritum
565 1959 580 2024 I
603 1963 700 2046 (apud
723 1960 820 2029 Dind.
845 1983 899 2048 pg.
926 1963 996 2042 lu:
1017 1964 1059 2027 rot
1079 1961 1185 2027 πάντα
1206 1955 1277 2034 δ’ἦν
1298 1962 1382 2041 αὐτῷ

185 2069 341 2149 δράματα
362 2067 446 2153 ῼβ’,
466 2067 597 2149 σώζεται
617 2067 648 2133 δὲ
669 2070 721 2141 cn'.
741 2069 855 2133 τούτων
868 2069 1020 2135 νοθεύεται
1044 2070 1132 2149 rpite,
1156 2067 1290 2152 Τέννης,
1308 2072 1382 2133 ‘Pa-

186 2177 368 2255 ὃάμανθυς,
388 2176 594 2255 Πειρίθους
610 2181 644 2253 ¹).
662 2172 710 2239 De
722 2197 832 2260 quare
844 2174 994 2242 Weleher
1005 2174 1062 2261 (II.
1077 2195 1131 2260 pg.
1148 2175 1248 2254 1008)
1259 2194 1268 2240 r
1281 2172 1382 2238 >Man

185 2283 274 2349 sieht
296 2281 456 2359 deutlich,
480 2281 554 2352 dass
578 2281 634 2345 der
656 2281 851 2361 Peirithoos,
877 2282 933 2347 der
955 2302 1020 2348 von
1038 2280 1192 2347 Kennern
1205 2281 1276 2346 dem
1288 2279 1381 2344 Euri·

184 2389 279 2475 pides
310 2387 567 2474 abgesprochen,
598 2387 670 2452 dem
701 2385 817 2454 (tritius
845 2408 910 2454 von
940 2387 1130 2468 denselben,
1159 2387 1245 2453 denn
1269 2384 1385 2453 darauf

190 2495 318 2561 benieht
339 2494 405 2560 sich
430 2494 633 2580 Athenaeus,
663 2493 825 2581 beigelegt
847 2498 971 2573 wurde;
998 2497 1065 2560 und
1089 2497 1164 2560 dasz
1186 2495 1303 2560 ebenso
1325 2494 1382 2559 der

187 2600 347 2688 Sisyphus
368 2602 404 2667 in
428 2601 479 2666 die
497 2599 687 2686 Sammlung
707 2601 762 2666 der
780 2600 1042 2687 Euripideischen
1061 2601 1180 2668 Stflche
1192 2600 1381 2687 unigenum-

187 2731 266 2776 men
289 2729 371 2786 war;
399 2708 449 2773 die
472 2706 739 2773 Verwandschaft
763 2708 818 2773 des
843 2707 965 2774 Geistes
987 2708 1055 2774 und
1078 2709 1133 2773 des
1154 2707 1232 2775 Stils
1255 2707 1383 2773 moehte

188 2816 272 2881 decu
295 2813 414 2880 Aulusz
438 2806 582 2899 gegeben
606 2813 745 2881 haben.”

237 2920 324 2997 Quae
343 2926 449 2987 autem
469 2920 629 2986 veteribus
648 2921 766 2986 criticis
785 2918 957 2987 subdititia
975 2925 1052 2987 sunt
1072 2921 1154 2999 visa,
1167 2943 1266 3006 quum
1279 2921 1383 2987 adhue

189 3028 295 3093 multa
332 3049 400 3092 non
430 3031 575 3111 suspecta
602 3026 761 3092 ferrentur
791 3050 872 3113 quae
901 3032 1012 3114 postea
1042 3027 1151 3112 spuria
1180 3049 1247 3093 esse
1282 3050 1383 3114 appa·

189 3133 272 3216 ruit,
298 3155 336 3198 ea
354 3132 465 3219 procul
489 3132 585 3197 dubio
610 3133 779 3199 subditicio
802 3138 886 3198 sunt.
914 3134 1201 3211 Valckenaerium,
1222 3134 1278 3219 qui
1298 3133 1383 3198 mul-

189 3243 244 3305 tus
275 3243 323 3304 est
355 3242 420 3323 (pg.
458 3239 500 3304 38
532 3240 615 3325 sqq.)
645 3240 681 3304 in
704 3241 953 3305 demonstrando
979 3240 1105 3305 cantico
1127 3239 1183 3303 illo
1207 3238 1382 3323 significari

191 3348 332 3411 mentem
363 3346 608 3431 Anaxagoream
636 3347 748 3411 mundi
771 3346 1032 3424 aedificatricem,
1057 3345 1284 3411 annotationes
1307 3344 1381 3410 illae

191 3451 363 3517 manifesto
398 3451 560 3536 fugerunt.
600 3449 753 3537 Cognitas
785 3453 870 3517 enirn
901 3452 1045 3538 profecto
1074 3453 1214 3518 refutare
1246 3454 1381 3517 conatus

193 3561 286 3637 esset,
311 3580 414 3643 neque
437 3558 616 3623 Pirithoum
634 3570 832 3625 numerasset
841 3558 878 3625 in
888 3559 1004 3625 fabulis
1023 3581 1104 3624 non
1127 3558 1383 3624 dubitanter

194 3665 407 3750 genuinis.
792 3750 794 3754 y

239 3768 339 3836 Nulla
361 3773 410 3835 est
431 3770 532 3855 igitur
553 3770 647 3836 istius
668 3771 806 3837 Pirithoi
829 3772 1003 3857 fragmenti
1026 3772 1211 3838 auotoritas.

239 3876 369 3942 Etenim
403 3898 482 3962 rogo
514 3899 590 3942 num
621 3877 664 3943 sit
689 3878 858 3944 verisimile
879 3886 1027 3964 poetam,
1050 3879 1078 3944 si
1100 3900 1210 3945 revera
1233 3878 1381 3944 doctrina

193 3983 406 4071 praeceptoris
429 3982 556 4067 penitus
580 3986 662 4048 esset
684 3983 846 4063 imbutus,
869 3988 919 4051 tot
939 3985 1037 4063 loeis,
1059 3983 1176 4073 quibus
1199 3989 1238 4049 de
1261 3984 1382 4051 mundo

195 4093 352 4175 exponat,
383 4090 499 4155 mentis
521 4090 643 4155 nullam
668 4091 864 4156 mentionem
887 4090 1200 4170 facturum,.verum
1224 4112 1383 4156 summam

193 4194 395 4261 divinitatem
417 4195 539 4261 aetheri
561 4196 747 4282 plerumque
770 4196 966 4263 tributurum
989 4196 1086 4263 fuisse
1098 4195 1139 4282 ⁸).

206 4480 208 4485 -
230 4447 257 4510 l)
274 4447 312 4497 Oi.
328 4463 422 4513 quoque
438 4448 481 4501 vit.
500 4449 544 4499 111
560 4448 638 4514 (opud
653 4448 780 4515 Dind.·pg.
799 4450 848 4510 19).

231 4531 258 4598 2)
275 4530 305 4581 ir.
329 4530 393 4584 1007
418 4532 434 4589 δ,
453 4533 508 4589 νοῦς
530 4532 580 4596 γὰρ
597 4529 664 4593 ἡμᾶν
681 4527 751 4581 teras
768 4527 794 4582 iu
810 4528 914 4595 ἑκάστῳ
932 4530 984 4589 tric
1000 4546 1048 4583 uon
1065 4533 1111 4582 huc
1127 4532 1248 4598 parumn
1263 4531 1329 4581 iuna
1344 4546 1383 4581 ux·
