3250 5217
770 421 812 488 67

186 602 302 668 talium
331 602 454 669 subitos
481 602 640 689 fulgores,
666 606 821 681 cometas,
845 602 953 669 stellae
976 606 1109 670 caducas
1132 606 1192 675 »ὥς
1216 603 1379 685 Εθριτθθκς

186 708 312 775 εἴκασεν
337 710 368 775 ἒν
390 703 432 783 οἷς
457 704 561 775 εἶτον·
586 710 600 775 θ
623 711 649 775 δ’
673 707 742 789 θρτι
766 734 795 777 κ.
808 734 837 773 τ.
851 709 916 775 λ.”.

235 815 309 885 Ηοο,
337 815 417 881 mihi
447 816 626 900 exemplum
659 837 727 883 esse
756 816 882 882 videtur
911 816 1009 883 studii
1038 816 1125 884 illius
1154 816 1219 881 late
1241 816 1382 902 patentis

186 922 295 989 verbis
326 921 567 1007 simplicissimis
593 921 738 987 eliciendi
760 944 887 988 sensum
911 923 1091 989 abstrusum
1115 927 1149 989 et
1169 922 1379 991 reconditum.

188 1028 320 1113 Siquam
351 1027 409 1093 illa
433 1027 540 1113 imago
564 1026 688 1113 poetica
711 1050 777 1093 non
800 1028 902 1113 possit
923 1030 1096 1114 delectare,
1121 1029 1184 1094 nisi
1207 1028 1380 1113 mythicam

187 1133 331 1219 aliquam
365 1154 433 1199 rem
464 1133 515 1199 rel
545 1134 710 1220 physicam
741 1134 915 1220 significari
947 1135 1008 1201 sibi
1038 1138 1243 1222 persuadeat,
1275 1135 1381 1219 potius

187 1242 304 1325 putato
327 1241 514 1327 popularem
537 1241 672 1324 spectari
694 1240 876 1326 opinionem
898 1242 939 1306 ab
958 1240 1173 1327 Aristophane
1192 1240 1279 1326 (Pac.
1300 1242 1381 1328 832)

189 1351 420 1413 memoratam:
444 1346 590 1418 homines
612 1350 754 1413 mortuos
777 1347 885 1413 stellas
906 1346 985 1413 fieri.

236 1452 299 1520 Sed
330 1456 464 1539 pereant
492 1453 573 1519 istae
600 1473 722 1538 nugae3
754 1476 794 1519 ne
826 1453 1023 1538 sicquidem
1047 1453 1156 1519 omnia
1177 1455 1379 1539 congruunt!

188 1559 274 1636 Quid
303 1562 467 1644 praeterea
498 1580 565 1625 esse
594 1561 701 1644 potest
727 1562 760 1625 et
782 1560 946 1625 venustius
969 1562 1003 1625 et
1028 1582 1123 1626 sensu
1146 1560 1262 1626 clarius
1284 1580 1378 1645 quam

187 1666 297 1731 virum
317 1665 353 1731 in
375 1665 489 1731 aetatis
508 1664 586 1739 flore
608 1666 864 1731 exstinctum
886 1665 1066 1751 comparari
1087 1688 1160 1732 cum
1179 1665 1274 1731 stella
1284 1666 1380 1731 modo

187 1774 364 1857 apparente
394 1775 427 1837 et
456 1772 566 1837 statim
589 1774 820 1838 evanescente?
851 1772 898 1838 At
920 1772 1124 1839 Cleombroto
1148 1793 1198 1838 res
1221 1772 1381 1857 simplices

188 1877 369 1963 displicent.
395 1876 509 1949 Valoh.
533 1878 601 1964 (pg.
626 1878 683 1965 57)
704 1900 814 1945 versus
836 1900 932 1963 supra
953 1878 1100 1945 laudatos
1124 1881 1272 1963 spectans
1293 1881 1379 1965 apud

187 1984 279 2050 Plut.
310 2005 369 2070 pro
400 1985 598 2069 θιρὶττοντας,
630 1986 669 2057 ae
695 1986 858 2064 Εὐριτθδκς
882 1983 1005 2052 εἴκασεν
1029 1986 1059 2050 ἑν
1087 1981 1129 2057 οἷς
1155 1979 1239 2050 εἶτεν
1262 2009 1292 2054 κ.
1304 2010 1335 2051 τ.
1348 1999 1379 2051 λ.

187 2090 363 2176 legendum
385 2092 552 2177 proposuit
575 2090 773 2175 διᾴττοντας,
797 2087 861 2163 οὓς
886 2092 959 2171 uta
979 2089 1087 2156 εθκασο
1111 2093 1269 2162 θνκτοῒς
1295 2091 1325 2156 ἓν
1338 2086 1379 2162 οἷς

186 2193 276 2263 εἶτεν
307 2224 336 2265 κ.
348 2222 377 2267 τ.
391 2212 442 2277 rc,
474 2201 507 2263 et
534 2220 575 2267 ue
605 2199 651 2263 sic
676 2198 803 2284 quidem
828 2200 998 2263 contentus
1019 2198 1142 2284 pergit:
1167 2219 1248 2263 >neo
1269 2198 1305 2263 in
1329 2197 1380 2263 his

187 2304 368 2371 discessisse
409 2305 450 2371 ab
484 2303 696 2390 Anaxagorae
731 2305 889 2371 sententia
921 2308 1082 2370 monstrat
1115 2304 1312 2389 comparatio
1347 2310 1381 2369 et

186 2412 323 2479 verbum
354 2411 528 2488 οἱσθσβυ.
565 2409 698 2479 Censuit
729 2411 813 2477 enim
846 2409 1057 2496 Anaxagoras
1077 2411 1148 2483 τοὺς
1172 2410 1378 2489 καλουμένους

187 2518 372 2603 διᾴττοντας
403 2518 466 2583 ἀπὸ
497 2522 550 2583 τοῦ
575 2518 688 2596 αθθθρος
712 2516 875 2598 σπινθήρων
899 2517 983 2592 δίκην
1005 2516 1237 2599 καταφέρεσθαι
1258 2516 1301 2583 td
1325 2516 1378 2583 καὶ

187 2623 370 2704 παραυτίκα
392 2624 693 2701 κατασβέννυσθαι”.

237 2730 265 2797 0
295 2731 427 2797 nimiam
460 2732 688 2810 eruditionem,
720 2753 800 2815 quae
832 2753 899 2797 non
930 2730 1079 2797 mortalia
1109 2731 1197 2817 cogis
1226 2732 1381 2816 pectora?

188 2838 327 2904 Videtur
349 2838 446 2904 etiam
469 2838 758 2923 praestantissimos
777 2838 862 2903 viros
882 2860 992 2903 sensus
1012 2837 1189 2903 communis
1208 2836 1382 2923 aliquando

189 2944 333 3011 deficere.
357 2944 453 3021 Quasi
476 2944 562 3010 enim
586 2966 698 3023 nemo,
720 2944 773 3010 cui
795 2944 890 3009 modo
913 2943 1081 3009 incolumis
1104 2944 1146 3009 sit
1166 2944 1248 3009 acies
1271 2943 1380 3010 oculo·

186 3073 278 3129 rum,
310 3054 350 3116 de
380 3051 473 3117 stella
502 3054 709 3117 evanescente
732 3072 842 3116 vocem
866 3050 961 3115 istam
984 3049 1179 3135 singularem
1202 3050 1379 3127 ἀποσβῆναι

187 3157 292 3242 possit
315 3158 510 3242 excogitare,
536 3157 598 3223 nisi
617 3156 880 3242 philosophorum
899 3154 934 3221 in
954 3156 1064 3221 schola
1083 3158 1236 3221 educatus
1255 3176 1382 3220 eorum-

189 3285 253 3349 que
286 3264 463 3349 praeceptis
497 3264 657 3329 imbutus!
694 3263 746 3329 Me
778 3263 886 3348 judice
918 3265 1014 3348 poeta
1048 3261 1126 3328 haec
1161 3261 1270 3328 omnia
1300 3260 1384 3327 nihil

190 3374 334 3436 moratus
370 3370 469 3435 vitam
501 3368 562 3435 viri
595 3370 667 3451 ὑπὲρ
697 3364 790 3434 αἶσαν
824 3369 944 3435 mortui
974 3367 1162 3453 simpliciter
1184 3366 1383 3453 compararit

190 3497 264 3541 cum
289 3475 454 3561 θιρθττοντι.
478 3474 514 3542 si
535 3479 699 3561 praeterea
720 3476 800 3540 mihi
820 3474 990 3541 assenseris
1009 3473 1193 3559 conjicienti
1211 3474 1270 3541 hos
1289 3496 1382 3541 sena-

189 3582 255 3647 rios
286 3582 351 3649 sive
374 3605 392 3649 e
414 3582 599 3668 cognomini
612 3620 614 3625 ·
629 3581 738 3647 fabula
768 3582 835 3647 sive
857 3581 985 3647 aliunde
1006 3580 1125 3665 petitos
1147 3580 1383 3649 Phaethontem

190 3687 374 3774 designare,
397 3688 454 3773 qui
477 3687 567 3754 Jovis
589 3688 670 3754 ictus
693 3683 836 3753 fulmine'
851 3708 924 3753 rere
946 3686 1131 3761 οδιοτιτθρς”
1154 3689 1203 3754 est
1222 3689 1385 3765 mortuus,

192 3794 326 3860 habebis
350 3794 621 3879 comparationem
641 3793 790 3861 omnibus
810 3793 953 3859 numeris
964 3791 1138 3877 perfectam
1150 3792 1385 3863 etabsolutam.

237 4007 394 4085 Quoniam
429 4008 551 4093 egimus
582 4009 622 4073 de
659 4006 738 4073 coeli
771 4006 1001 4093 phaenomenis
1031 4009 1063 4072 et
1093 4006 1132 4071 de
1162 4004 1386 4073 Valckenaerii

192 4116 299 4183 studio
326 4113 490 4200 Euripidis
520 4114 617 4181 verba
647 4114 804 4201 simplicia
835 4114 875 4178 ad
897 4111 1148 4192 αστιυρολορικοὶ
1170 4113 1386 4198 praeceptoris

192 4220 382 4300 revocandi,
414 4220 508 4286 huius
540 4220 638 4285 studii
669 4219 837 4306 subjiciam
869 4218 956 4284 aliud
987 4218 1185 4304 exemplum,
1208 4238 1246 4283 eo
1270 4218 1386 4284 clarius

193 4328 277 4412 quod
311 4350 352 4393 ne
385 4330 512 4393 constat
544 4326 671 4413 quidem
696 4318 804 4391 versus
827 4326 863 4391 in
886 4346 923 4390 eo
945 4327 1100 4389 tractatos
1122 4345 1232 4389 revera
1254 4323 1295 4388 ab
1318 4322 1385 4389 Eu-

191 4434 293 4519 ripide
328 4434 520 4519 compositos
554 4454 630 4498 esse.
664 4431 760 4520 Apud
785 4430 957 4499 Stobaeum
980 4429 1079 4516 (Flor.
1105 4431 1159 4509 64,
1185 4430 1243 4516 31)
1264 4431 1329 4494 tres
1352 4429 1387 4495 hi

194 4538 333 4605 citantur
365 4539 501 4605 trimetri
530 4537 649 4604 omisso
678 4537 842 4623 scriptoris
870 4536 1001 4602 nomine
1025 4539 1065 4601 de
1089 4533 1242 4620 Sphingis
1264 4534 1386 4603 colore:
