3250 5217
809 398 874 461 104

239 580 330 645 ‚enim
360 580 548 655 consilium,
579 580 665 665 quod
689 580 801 645 molita
825 583 911 657 erat,
936 580 1040 665 primo
1064 580 1214 647 Graeciae
1238 582 1306 649 viro
1330 583 1439 649 fundi-

243 690 296 750 tus
322 685 515 770 exstirpato:
868 688 997 769 τοιαύτῃ
1019 688 1074 768 θεῷ

355 792 402 863 τίς
427 790 465 857 aa
490 790 703 874 προσεύχοιθ’;
729 786 746 866 t
771 791 917 870 γυναικὸς
941 790 1070 872 οὕνεκα,

356 896 489 979 λέκτρων
511 900 663 981 &tovebec
689 899 779 983 Ζηνὶ,
804 900 875 971 τοὺς
902 898 1067 979 εὐεργέτις

354 1002 511 1077 Ἑλλάδος
537 1006 674 1071 ὦπώλεσ’
700 1005 783 1099 οὐδὲν
807 1004 898 1077 ὄντας
922 1005 1071 1078 airlouc”.

289 1108 376 1187 Quae
395 1110 535 1176 Theseus
555 1133 620 1176 non
639 1111 774 1190 refellit,
794 1111 850 1177 sed
868 1112 986 1177 iratum
1004 1113 1189 1196 placaturus
1200 1113 1440 1199 moniturusque

244 1238 285 1281 ne
315 1217 494 1301 parricidiis
524 1218 590 1283 suia
620 1219 717 1283 nimis
749 1217 930 1302 affligatur,
956 1218 1081 1302 placide
1103 1220 1236 1305 exponit
1258 1221 1333 1286 deos
1356 1220 1440 1305 ipsos

244 1323 394 1388 omnibus
424 1323 577 1388 scelerum
610 1324 780 1409 generibus
810 1324 986 1389 maculatos
1009 1346 1093 1402 esse,
1120 1362 1161 1373 -
1187 1326 1250 1389 nisi
1272 1326 1354 1391 falsa
1376 1327 1441 1391 sint

244 1434 410 1514 poetarum
435 1430 594 1514 carmina,
624 1468 664 1479 -
691 1435 723 1495 et
745 1433 853 1494 tamen
876 1429 980 1493 adhuc
1005 1428 1178 1515 Olympum
1200 1431 1362 1509 habitare,
1382 1432 1440 1495 lla-

245 1535 386 1620 gitiaque
405 1557 462 1600 sua
482 1535 678 1603 sustinuisse.
693 1535 719 1621 1)
740 1533 910 1599 Herculem
927 1555 1003 1619 ergo
1015 1582 1023 1612 ,
1035 1535 1153 1620 quippe
1166 1535 1352 1614 mortalem,
1366 1557 1440 1622 pro·

244 1639 328 1705 fecto
349 1662 416 1704 non
434 1641 599 1726 indignari
619 1642 732 1706 debere
752 1642 825 1712 τὰς
851 1641 1003 1720 τύχας,
1025 1640 1182 1725 siquidem
1194 1645 1228 1706 et
1239 1641 1284 1706 dii
1297 1642 1440 1707 tulerint.

290 1747 378 1812 Haec
400 1748 520 1825 oratio,
546 1750 586 1812 ad
610 1747 792 1813 leniendam
816 1769 907 1812 casus
931 1747 1137 1812 acerbitatem
1161 1752 1367 1833 comparata,
1390 1748 1441 1811 in·

244 1854 465 1939 dignationem
489 1857 631 1919 nostram
656 1857 752 1938 auget
776 1856 851 1918 deos
874 1853 1027 1918 exhibens
1050 1875 1182 1939 aequo
1205 1854 1345 1918 animo
1367 1875 1442 1937 pec-

245 1962 372 2025 cantes!
396 1960 508 2046 Neque
535 1961 564 2025 ei
587 1959 741 2025 Hercules
762 1958 859 2023 fidem
884 1958 1051 2042 adjungit;
1075 1961 1213 2024 testatur
1236 1960 1336 2038 (1340
1357 1961 1443 2046 sqq.)

247 2088 280 2132 sc
310 2087 377 2131 non
408 2067 534 2132 credere
563 2069 639 2131 deos
674 2065 836 2131 amoribus
868 2063 990 2130 illicitis
1023 2065 1210 2150 indulgere,
1242 2088 1276 2130 se
1305 2064 1443 2130 invicem

248 2171 386 2252 vincire,
408 2174 544 2238 alterum
567 2172 661 2238 alteri
681 2172 770 2257 jussa
793 2171 887 2248 dare,

462 2280 584 2345 »dcirca
608 2280 672 2360 γὰρ
695 2279 709 2343 ὅ
733 2276 818 2353 θεὸς,
844 2276 929 2356 εἴπερ
954 2275 1018 2342 ἔστ’
1041 2279 1132 2350 ὄντως
1155 2278 1239 2353 θεὸς,

461 2384 592 2457 οὐδενός·
618 2384 723 2451 ἀοιδῶν
745 2380 809 2449 οἵδε
835 2381 974 2457 δύστηνοι
998 2382 1120 2462 adradi

292 2490 459 2557 Sententia
477 2492 577 2576 igitur
595 2490 670 2579 illa,
691 2512 772 2576 quae
788 2490 826 2554 in
845 2491 958 2572 poetae
977 2490 1086 2553 animo
1097 2488 1203 2553 latens
1214 2489 1250 2554 in
1261 2487 1444 2576 Hippolyto

247 2597 329 2661 nihil
359 2598 496 2682 amplius
526 2598 672 2663 effecerat
701 2597 764 2661 nisi
795 2600 833 2661 ut
864 2619 928 2661 una
958 2598 1017 2661 dea
1039 2596 1186 2680 improba
1209 2596 1445 2682 vituperaretur

246 2702 300 2788 (cf.
322 2724 376 2787 pg.
400 2704 463 2767 100
483 2705 564 2788 sq),
585 2725 671 2768 nunc
689 2704 857 2788 perspicua
876 2705 905 2769 ei
918 2701 1004 2767 facta
1016 2703 1056 2767 ad
1069 2702 1234 2767 universos
1246 2705 1321 2768 dece
1333 2704 1440 2790 palam

247 2808 456 2887 transfertur,
479 2832 593 2895 nempe
621 2831 794 2894 peccare
825 2811 1011 2875 alienum
1041 2830 1132 2875 esse
1164 2812 1362 2875 enatura
1386 2811 1444 2876 di-

246 2912 500 2991 vina,'deum
521 2936 661 2979 verum
683 2914 851 2979 nullius
870 2915 932 2979 rei
951 2934 1082 2999 egere.
1106 2913 1153 2978 At
1172 2912 1223 2977 his
1243 2914 1442 2981 verbisHer·

245 3020 330 3083 cules
353 3020 387 3085 id
410 3043 477 3086 esse
500 3023 600 3105 negat
622 3022 708 3105 quod
731 3020 798 3105 ipse
822 3044 879 3106 per
901 3024 1004 3085 totam
1027 3020 1127 3085 vitam
1151 3024 1302 3104 expertus
1323 3024 1390 3099 est,
1410 3026 1444 3086 et

246 3147 310 3211 quo
335 3129 440 3193 toturn
464 3126 580 3192 nititur
602 3125 730 3193 fabulae
753 3127 1000 3212 argumentum!
1023 3190 1028 3203 ,
1330 3130 1333 3134 ’

292 3232 364 3297 Hac
398 3234 433 3297 in
467 3231 576 3298 fabula
613 3233 760 3298 materies
782 3232 1018 3317 quodammodo
1041 3232 1074 3295 in
1098 3231 1193 3317 culpa
1214 3234 1272 3299 est.
1297 3230 1445 3298 Herculis

245 3338 348 3403 rabies
375 3339 540 3425 tragoedia
572 3341 647 3425 apte
677 3338 833 3403 illustrari
864 3360 931 3403 non
962 3340 1090 3423 poterat
1119 3335 1183 3402 nisi
1212 3338 1313 3422 ipsius
1336 3338 1445 3423 aliqua

244 3445 339 3529 culpa
373 3446 513 3529 adjecta,
550 3444 639 3511 velut
669 3443 696 3509 si
727 3467 784 3509 sua
816 3445 933 3510 virtute
965 3447 997 3509 et
1026 3442 1140 3507 robore
1175 3442 1270 3507 nimis
1304 3443 1443 3509 confisus

245 3551 329 3616 nulli
364 3552 463 3617 errori
492 3573 525 3617 se
556 3550 731 3617 obnoxium
763 3550 946 3616 credidisset
978 3550 1029 3634 (ut
1052 3547 1191 3633 Oedipus
1215 3547 1442 3634 Sophocleus);

245 3680 333 3723 nunc
356 3678 429 3723 vcro
454 3678 583 3742 prorsus
605 3657 761 3723 innocens
785 3658 869 3741 perit
890 3654 1030 3721 Junonis
1053 3654 1127 3719 odio
1146 3655 1318 3721 novercali.
1340 3654 1443 3720 Nemo

245 3763 378 3847 negabit
407 3762 584 3847 praeclaras
616 3784 683 3827 esse
705 3762 882 3827 sententias
895 3761 979 3847 [illas
1002 3761 1043 3825 ab
1066 3760 1219 3845 Euripide
1242 3759 1441 3844 enuntiatas,

246 3871 455 3951 naturamque
490 3869 621 3933 deorum
653 3867 693 3931 ab
723 3866 780 3931 illo
812 3866 988 3952 significari
1019 3864 1122 3930 multo
1153 3866 1315 3949 puriorem
1345 3887 1443 3951 quam

243 3974 414 4050 traditam,
446 3986 563 4038 verum¹
588 3973 635 4037 ita
664 3972 808 4038 censenti
833 3972 874 4036 ab
897 3972 1031 4057 antiquo
1054 3991 1171 4055 genere
1193 3956 1318 4055 tragico
1341 3970 1442 4036 absti-

244 4080 385 4145 nendum
408 4078 532 4156 fuerat,
556 4082 642 4164 quod
666 4079 695 4144 ei
715 4082 784 4143 tota
803 4077 1004 4163 mythologie
1023 4097 1041 4141 e
1060 4076 1207 4160 turpibus
1226 4075 1352 4141 fabellis
1365 4097 1443 4143 con·

243 4185 321 4250 flata
344 4207 411 4273 csse
434 4185 544 4251 debuit
565 4185 675 4250 videri.

289 4290 396 4359 Etiam
431 4290 600 4376 Iphigenia
635 4291 670 4355 in
702 4289 816 4356 Tauris
846 4291 882 4355 in
913 4287 1098 4374 cognomini
1120 4286 1231 4353 fabula
1254 4289 1334 4372 (380
1358 4290 1443 4377 sqq.)

279 4514 303 4571 l)
322 4510 476 4575 ,ἠνέσχοντό
494 4510 515 4560 t’
532 4508 729 4574 ἧμαρτηκότιέἦ
