3250 5217
828 442 891 504 130

264 624 330 687 eius
356 625 422 708 joci
447 625 486 688 de
510 624 571 689 diis
596 624 686 689 nullo
714 624 809 689 modo
832 623 923 707 quasi
944 623 1117 707 impietatis
1141 622 1324 686 testimonia
1345 621 1457 685 haberi

262 733 406 813 possunt.
432 730 492 795 Per
511 732 620 815 jocum
646 730 731 795 enim
756 730 865 794 omnia
886 730 925 793 iis
944 728 1081 813 objicere
1100 728 1235 805 licebat,
1255 727 1336 793 sario
1357 726 1456 803 nihil;

262 856 454 919 quamquam
476 858 553 913 nos,
579 836 704 900 diverse
726 836 853 899 ratione
873 836 1032 911 instituti,
1053 839 1160 899 ments
1179 834 1237 898 vix*
1251 856 1364 917 capere
1381 854 1456 917 pos-

262 962 370 1005 sumus
391 954 518 1026 poetam
528 993 537 1025 ‚
560 942 615 1026 qui
635 942 767 1007 dicteria
786 945 853 1005 tam
868 942 957 1025 justa
976 949 1010 1005 et
1024 949 1088 1004 tam
1103 938 1303 1024 impudentia
1315 938 1459 1023 personis

263 1046 326 1110 suis
349 1047 515 1131 praebeat,
541 1048 649 1132 qualia
672 1048 707 1112 in
730 1046 854 1112 Avibus
876 1047 1021 1131 legamus
1035 1045 1071 1133 ¹),
1092 1046 1275 1131 ceteroquin
1295 1068 1371 1110 vera
1390 1046 1458 1129 pie-

262 1153 329 1217 tate
353 1153 427 1217 deos
451 1153 582 1217 adorare
605 1154 755 1237 potuisse.
917 1138 920 1143 ’

307 1256 501 1323 Posteriores
520 1262 632 1343 poetae
650 1282 742 1344 saepe
761 1260 1036 1343 impudentissime
1055 1259 1121 1325 suis
1132 1259 1353 1343 voluptatibus
1364 1280 1456 1343 prae·

260 1368 434 1430 texuerunt
455 1369 585 1431 deorum
608 1368 688 1451 vim,
715 1366 856 1443 cultum,
879 1367 1069 1451 exemplum.
1082 1365 1110 1453 ⁹)

306 1471 507 1557 Thucydides
540 1473 627 1537 haud
659 1474 753 1537 dubie
783 1473 932 1557 religioni
962 1474 1109 1559 populari
1140 1495 1254 1558 parum
1284 1472 1456 1537 tribuebat.

262 1576 373 1643 (tausis
392 1578 590 1643 naturalibus
610 1579 758 1663 pleraque
778 1580 935 1663 explicare
953 1581 1085 1644 studens
1098 1580 1212 1644 leniter
1223 1580 1335 1644 irridet
1345 1578 1457 1644 Niciae

261 1686 518 1767 superstitionem
543 1685 631 1771 (VII.
658 1688 711 1761 50,
735 1688 769 1769 4)
794 1708 897 1770 neque
920 1688 1057 1751 multum
1086 1690 1229 1751 moratur
1252 1685 1380 1751 oracula
1399 1684 1456 1768 (ll,

264 1791 315 1866 17,
342 1792 370 1853 2.
399 1792 451 1867 21,
478 1793 529 1876 3);
551 1794 681 1856 deorum
706 1792 996 1875 mythologicorum
1016 1792 1071 1856 rix
1088 1814 1240 1876 umquam
1260 1791 1455 1855 mentionem

261 1895 336 1961 facit
354 1901 392 1964 et
416 1897 457 1961 ab
481 1897 570 1962 omni
593 1898 800 1963 meditatione
820 1901 859 1961 de
881 1919 990 1962 eorum
1011 1902 1126 1963 natura
1145 1898 1179 1961 in
1198 1898 1325 1982 scriptis
1344 1897 1456 1961 saltem

263 2004 437 2087 prudenter
460 2003 625 2092 abstinens
648 2005 833 2090 plerumque
853 2008 893 2068 ad
913 2027 963 2069 res
983 2004 1141 2069 humanas
1163 2008 1292 2067 tantum
1315 2003 1457 2067 animum

260 2110 428 2174 convertit.
1377 2118 1382 2134 ²

307 2214 453 2281 Socrates
477 2239 603 2302 qnoque
627 2221 659 2282 et
683 2218 775 2283 Plato
799 2240 919 2283 numen
940 2219 1061 2303 justum
1087 2217 1270 2302 nulliusque
1292 2214 1338 2281 rei
1360 2237 1456 2301 egens

260 2321 320 2385 sibi
352 2324 555 2406 proposuisse
590 2323 755 2399 videntum
787 2325 937 2389 dicuntur
967 2328 1077 2387 tamen
1109 2324 1183 2387 deos
1214 2322 1382 2407 populares
1405 2322 1455 2405 pie

262 2427 406 2493 coluisse.
431 2428 517 2493 Num
543 2430 643 2513 igitur
665 2431 814 2495 omnibus
838 2430 955 2495 fabulis
977 2429 1202 2514 mytlrologicis
1221 2428 1317 2493 fidem
1336 2429 1455 2493 habue-

258 2536 360 2597 runt?
392 2533 478 2601 Hoc,
494 2535 561 2599 fieri
594 2557 659 2600 non
689 2540 803 2620 potest.
840 2536 985 2602 Socrates
1006 2537 1041 2600 in
1064 2536 1299 2621 Eutbyphrone
1320 2538 1456 2599 testatus

242 2640 324 2703 .sibi
357 2641 550 2725 theogoniae
582 2643 715 2731 omnino
740 2643 962 2708 commenticia
985 2643 1100 2721 videri,
1124 2643 1171 2705 ita
1194 2644 1323 2706 deorum
1347 2644 1457 2705 aucto-

259 2746 386 2810 ritatem
422 2746 573 2831 infringit
596 2751 633 2812 ut
656 2748 696 2813 ab
724 2750 764 2813 iis
787 2752 830 2815 rt
855 2749 961 2814 ὅσιον
986 2750 1064 2815 disci
1087 2771 1179 2833 posse
1201 2752 1315 2833 neget,
1338 2748 1457 2833 quippe

259 2852 297 2916 de
326 2874 391 2937 qua
412 2875 447 2917 re
470 2854 531 2937 ipsi
556 2856 641 2919 inter
669 2877 701 2920 se
724 2856 926 2920 dissentiant.
950 2856 1071 2921 Verum
1094 2876 1130 2919 eo
1153 2855 1259 2919 tendit
1282 2854 1456 2939 disputatio

259 2962 295 3023 ut
329 2980 433 3022 rerum
471 2960 652 3025 divinarum
687 2947 865 3027 obscuritas
901 2965 1150 3037 demonstretur;
1188 2982 1246 3025 nee
1280 2983 1347 3024 non
1378 2959 1455 3025 alibi

262 3065 450 3150 plerumque
485 3068 641 3133 indicavit
675 3068 821 3134 Socrates
855 3091 950 3153 quam
983 3068 1025 3132 sit
1054 3066 1170 3131 inutile
1200 3067 1238 3129 de
1267 3066 1332 3130 illis
1361 3066 1456 3131 rebus

258 3174 407 3236 meditari
431 3177 463 3237 et
486 3174 672 3259 disceptare.
695 3174 833 3239 Phaedri
852 3174 943 3238 initio
965 3176 1005 3258 (c.
1026 3173 1087 3258 IX)
1106 3171 1455 3238 Socrateseonvenien·

260 3278 381 3344 tissime
415 3279 600 3363 allegoricas
632 3280 912 3364 interpretationes
936 3278 1116 3364 mythorum
1141 3300 1208 3344 nou
1232 3278 1348 3343 stultas
1366 3278 1455 3363 judi-

257 3388 324 3467 cat,
350 3388 404 3450 sed
429 3408 572 3451 »crassae
597 3387 795 3471 sapientiae''
815 3388 972 3471 (ἀγροίκου
996 3387 1124 3471 σοφίας)
1148 3385 1331 3450 testimonia
1351 3389 1452 3451 vocat.

257 3490 340 3555 Nam
377 3492 432 3576 qui
461 3492 557 3557 semel
591 3494 718 3557 initium
752 3494 878 3570 fecerit,
904 3516 976 3557 eum
999 3514 1065 3556 non
1090 3514 1210 3557 cessare
1233 3512 1325 3576 posse
1348 3490 1453 3574 prius·

258 3619 356 3680 quam
388 3618 499 3661 omnes
533 3598 662 3683 mythos
694 3600 801 3663 eodem
827 3602 921 3663 modo
944 3600 1173 3681 interpretatus
1195 3598 1246 3663 sit.
1282 3596 1334 3660 Ad
1358 3618 1453 3680 quam

258 3724 324 3767 rem
355 3703 457 3767 multo
483 3704 548 3767 otio
572 3726 653 3789 opus
676 3727 762 3781 esse3
785 3705 957 3769 absurdum
981 3709 1086 3769 autem
1111 3725 1177 3768 esse
1198 3703 1263 3767 illis
1285 3702 1381 3767 rebus
1402 3703 1453 3766 in-

259 3810 405 3873 cumbere
428 3816 600 3895 antequam
625 3812 747 3896 teipsa
770 3812 851 3877 bene
873 3813 1009 3877 noveris.

305 3914 455 3982 Summus
487 3906 620 4002 uterque
651 3919 860 4003 philosophus
890 3920 1017 3984 videtur
1046 3918 1125 3982 mihi
1155 3919 1191 3982 in
1218 3917 1313 3983 rebus
1337 3916 1452 3983 divinis

257 4120 364 4127 ...οφ-..-7
386 4118 441 4127 .....,=

292 4242 321 4305 l)
337 4240 493 4289 Pithetcerus
509 4234 591 4289 eribus
610 4234 668 4290 dicit
685 4233 772 4306 (ttt):
791 4229 878 4291 docebo
895 4249 936 4289 vos
952 4232 1024 4290 etiarn
1040 4231 1108 4289 τοῗσι
1125 4229 1213 4288 θεοῖσιν
1231 4230 1345 4287 hecardo

456 4319 496 4370 dada
515 4324 561 4379 τῆς
585 4322 671 4385 χώρας
689 4326 736 4382 τῆς
752 4322 876 4385 ὑμετέρας
893 4319 1012 4371 ἐστυκόσι
1031 4321 1066 4387 μὴ
1083 4320 1228 4384 διαφοιτᾶν,

460 4402 541 4466 ὥσπερ
564 4408 679 4467 πρότερον
698 4403 881 4468 μοιχεύσοντες
897 4406 946 4462 τοις
963 4402 1108 4465 Ἀλκμήνας
1122 4400 1270 4465 κατέβαινον

455 4485 498 4535 acl
517 4487 567 4544 τοις
585 4487 698 4545 Ἀλόπιος
714 4486 758 4537 cal
773 4488 822 4545 τοις
837 4485 957 4549 Σεμέλας.

288 4569 315 4635 2)
335 4568 449 4635 Exempla
468 4572 503 4617 est
521 4568 601 4618 videre
618 4570 681 4635 apud
698 4587 720 4621 v.
739 4572 766 4619 L.
784 4572 913 4629 Ermum.
934 4569 1045 4619 Histoire
1059 4572 1104 4619 oct.
1122 4569 1167 4618 vl.
1185 4585 1225 4633 pq.
1241 4568 1297 4620 276.
