3250 5217
811 420 853 483 60

236 600 437 688 (aFarorino
456 601 541 685 apud
561 600 654 683 Diog.
675 601 711 668 L.
731 602 794 685 IX,
818 605 849 681 7,
873 604 929 690 34)
949 602 1161 687 Anaxagorae
1181 600 1300 685 placita
1315 600 1375 691 illa
1386 600 1428 665 de

235 709 299 773 sole
319 707 459 792 lunaque
479 729 544 772 non
563 707 692 791 propria
711 730 794 787 esse,
808 731 917 775 verum
931 709 1276 794 antiquiora,eumque
1287 707 1426 771 suffura-

234 818 302 879 tum
324 836 400 879 esse.
422 812 591 888 Quaeritur
609 834 685 898 ergo
702 835 757 879 cur
769 819 863 879 tanta
874 816 1056 901 indignatio
1070 814 1176 879 subito
1189 814 1312 878 animos
1323 812 1428 878 Athe-

235 920 394 985 niensium
407 918 618 1002 occupaverit.
629 918 726 986 Ouius
738 921 784 985 rei
795 922 892 1006 paulo
905 922 1001 987 altius
1012 921 1203 1006 repetendae
1215 925 1291 985 sunt
1302 941 1426 984 causae.

281 1024 506 1109 Philosophiae
525 1046 591 1089 non
610 1026 645 1089 in
665 1026 798 1092 Graecia
810 1029 938 1113 proprie
950 1029 1036 1092 dicta
1047 1030 1101 1092 sed
1114 1028 1148 1090 in
1162 1026 1295 1091 coloniis
1307 1027 1427 1093 Ionicis

235 1132 283 1217 (in
317 1131 395 1195 Asia
426 1130 548 1195 Minore
579 1135 612 1195 et
642 1131 790 1219 Thracia)
825 1138 857 1198 et
888 1134 1012 1198 Doriois
1042 1134 1088 1211 (in
1120 1131 1227 1198 Sicilia
1250 1135 1283 1196 et
1305 1133 1428 1217 Magna

235 1238 382 1321 Graecia)
416 1237 544 1301 fuerunt
574 1238 785 1316 incunabula,
818 1262 921 1325 neque
952 1244 1027 1304 ante
1058 1236 1219 1304 Socratem
1250 1240 1334 1304 ullus
1364 1240 1429 1304 fuit

234 1343 442 1428 philosophus
465 1342 683 1412 Atheniensis.
707 1343 917 1430 Anaxagoras
940 1346 1062 1430 primus
1082 1345 1227 1410 Athenas
1246 1346 1429 1411 introduxit

235 1449 375 1513 studium
411 1448 586 1532 sapientiae
600 1447 643 1532 1),
680 1449 768 1514 cuius
800 1472 1026 1535 progressuum
1057 1450 1140 1516 cives
1172 1451 1275 1515 adhuc
1297 1452 1429 1535 ignaros

235 1554 350 1631 fuisse,
375 1554 437 1618 nisi
468 1555 493 1618 si
524 1554 580 1638 qui
611 1557 806 1639 peregrinati
834 1557 1010 1622 studiorum
1031 1559 1120 1621 sedes
1137 1556 1336 1632 visitassent,
1361 1579 1428 1622 non

237 1664 355 1725 temere
389 1660 467 1724 mihi
503 1662 689 1726 concludere
725 1662 843 1727 videor.
884 1661 967 1739 Quid
1001 1685 1073 1728 eum
1109 1655 1290 1728 incitaverit
1323 1668 1359 1729 ut
1392 1666 1428 1729 in

237 1788 306 1831 eam
330 1767 440 1832 urbem
464 1767 617 1851 migraret
637 1791 795 1853 nusquam
816 1770 955 1834 traditur
974 1770 1147 1854 perspicue.
1170 1769 1302 1835 Veteres
1319 1793 1429 1836 recen-

237 1874 395 1958 tioresque
419 1893 484 1938 non
507 1874 735 1939 dubitaverunt
754 1877 875 1959 jactare
900 1876 988 1941 urbis
1007 1876 1205 1960 splendorem
1226 1877 1430 1962 studiumque

237 1980 433 2046 eruditionis.
464 1978 629 2057 Concedo,
661 1983 714 2046 sed
748 1982 929 2047 addendum
962 1982 1088 2046 videtur
1117 2004 1189 2045 eum
1212 2003 1279 2046 non
1302 1983 1429 2048 novisse

238 2085 354 2150 civium
388 2086 538 2151 indolem.
574 2084 658 2151 Nam
694 2090 788 2152 decus
824 2087 904 2152 illud
936 2087 1086 2153 Graeciae
1116 2088 1261 2171 quamvis
1286 2088 1430 2153 floruerit

237 2192 400 2257 literarum
435 2195 468 2257 et
501 2191 616 2257 artium
648 2194 771 2270 studio,
805 2195 985 2279 multosque
1016 2193 1127 2258 tulerit
1157 2194 1241 2258 viros
1269 2194 1304 2259 in
1333 2217 1428 2280 repu-

236 2300 320 2365 blica
358 2300 611 2363 administranda
641 2299 788 2384 belloque
820 2303 959 2384 gerendo
988 2300 1242 2383 insignissimos,
1278 2302 1430 2385 quamdiu

238 2409 406 2489 αὐτονομίᾳ
430 2404 591 2489 gaudebat
615 2427 787 2489 numquam
811 2405 1032 2492 philosophiae
1054 2405 1145 2469 favit
1171 2405 1263 2471 Tunc
1283 2409 1429 2484 demum,

238 2536 336 2598 quum
372 2513 430 2577 sub
465 2511 682 2577 Romanorum
713 2512 838 2577 dicione
870 2516 969 2595 esset,
1006 2513 1173 2597 omnisque
1196 2512 1356 2579 libertatis
1378 2536 1430 2577 ar-

142 2634 143 2638 ’
238 2618 317 2684 tium
356 2639 487 2703 poeseos
517 2617 620 2701 gloria
650 2619 847 2695 evanuisset,
887 2618 1062 2702 sapientiae
1093 2618 1243 2683 studiosis
1278 2620 1427 2685 stabilem
1496 2636 1499 2641 ·

238 2729 419 2810 certamque
449 2724 598 2809 praebuit
620 2724 736 2791 sedem.
761 2723 907 2789 Fuerunt
928 2724 1054 2808 quidem
1079 2728 1111 2789 et
1134 2728 1228 2789 antea
1254 2726 1344 2790 multi
1367 2726 1428 2791 hoc

238 2831 342 2895 studio
371 2830 655 2917 praestantissimi,
688 2831 775 2895 velut
806 2830 964 2908 Socrates,
988 2830 1099 2908 Plato,
1124 2830 1328 2909 Aristoteles,
1352 2833 1429 2897 viri-

237 2961 299 3024 que
330 2938 446 3002 eruditi
476 2958 543 3002 non
574 2937 668 3022 pauci
700 2938 774 3023 qui,
805 2959 1000 3022 quamquam
1032 2960 1098 3002 non
1128 2939 1157 3003 ei
1179 2939 1238 3003 soli
1261 2943 1429 3017 vacantes,

237 3054 391 3130 magnum
414 3044 489 3108 inde
514 3045 553 3108 ad
576 3044 742 3128 ingenium
767 3044 973 3108 excolendum
993 3049 1144 3128 caperent
1164 3045 1354 3122 subsidium,
1374 3046 1429 3110 sed

238 3151 377 3235 exceptis
410 3171 473 3214 uno
504 3154 536 3214 et
570 3149 671 3214 altero
702 3172 796 3215 nemo
820 3170 947 3226 eorum,
972 3150 1035 3214 nisi
1056 3151 1121 3215 imo
1145 3154 1272 3234 pectore
1295 3151 1429 3216 abscon-

238 3259 326 3323 deret
356 3257 579 3322 meditationes
605 3278 694 3335 suas,
720 3277 862 3321 securam
888 3256 984 3321 vitam
1004 3277 1098 3341 agere
1118 3257 1224 3339 potuit
1242 3256 1430 3323 imminente

238 3366 391 3449 perpetuo
412 3362 523 3426 mortis
543 3362 593 3426 vel
613 3362 713 3426 exsilii
734 3365 791 3426 sut
809 3365 894 3426 certe
911 3362 1121 3426 accusationis
1141 3361 1291 3447 periculo.
1311 3362 1428 3427 Exem-

239 3472 292 3556 plo
323 3475 399 3535 sunt
425 3469 653 3551 Anaxagoras,
677 3467 887 3551 Protagoras,
913 3467 1091 3552 Diagoras,
1115 3467 1282 3543 Socrates,
1304 3467 1429 3533 Aristo-

239 3578 317 3642 teles
348 3580 409 3642 cet.
443 3574 547 3639 Erant
579 3575 663 3638 enim
692 3573 905 3639 Athenienses
927 3574 1064 3657 populus
1087 3573 1430 3657 superstitiosissimus;

238 3684 277 3748 da
308 3683 427 3767 pietate
458 3704 514 3746 sua
537 3700 614 3765 erga
637 3683 712 3745 deos
735 3702 858 3764 semper
881 3679 1102 3764 gloriabantur
1116 3678 1161 3763 2),
1181 3682 1214 3744 et
1237 3701 1429 3764 quamquam

238 3811 291 3855 eos
315 3789 350 3852 in
374 3810 469 3853 scena
492 3787 612 3852 comica
634 3787 703 3851 sine
726 3785 790 3851 ulla
813 3786 990 3850 reverentia
1011 3785 1107 3850 rideri
1130 3785 1261 3851 minime
1280 3786 1429 3871 indigna-

238 3896 376 3973 bantur,
407 3915 509 3978 neque
539 3893 601 3977 ipsi
632 3892 775 3977 profecto
805 3892 841 3955 in
867 3890 1062 3975 quotidianis
1085 3892 1284 3957 sermonibus
1307 3915 1431 3978 semper

239 4002 278 4067 iis
308 4001 498 4085 parcebant,
525 4002 723 4063 nontamen
749 4036 790 4046 —-
816 4001 853 4063 ut
876 4002 948 4062 utar
971 3998 1076 4061 verbis
1099 3997 1265 4063 Plutarchi
1288 4000 1333 4084 (r.
1358 3998 1429 4065 Nic.

239 4225 316 4288 ignea.
343 4226 500 4291 Xenophanes
524 4225 598 4275 solem
623 4227 732 4274 constare
755 4220 783 4273 ἐκ
806 4220 920 4284 πυριδίων
944 4226 994 4271 τῶν
1020 4220 1242 4287 συναθροιζομένων
1271 4223 1316 4284 μὲν
1342 4220 1370 4272 ἐκ
1387 4225 1433 4281 τῆς

240 4304 318 4369 ὑγρᾶς
337 4304 524 4368 ἀναθυμιάσεως
538 4306 612 4367 (Plac.
626 4306 686 4372 phil.
703 4305 780 4370 ibid),
798 4305 953 4370 Empedocles
967 4305 1041 4353 solem
1055 4320 1105 4354 esse
1121 4305 1183 4369 ignis
1191 4296 1312 4368 ingentem
1321 4320 1429 4355 massam.

274 4390 300 4453 l)
318 4389 387 4454 Diog.
413 4390 440 4438 L.
468 4388 610 4438 Archelaum
635 4388 661 4437 id
685 4388 767 4437 fecisse
793 4388 898 4437 referens
923 4403 1004 4436 errare
1029 4387 1136 4447 videtur,
1161 4401 1186 4436 v.
1209 4386 1288 4435 Zeller
1310 4403 1349 4452 pg.
1368 4386 1431 4446 926,

239 4470 376 4522 Schaubach
393 4487 431 4535 pg.
449 4471 482 4520 22
499 4486 533 4534 sq.

272 4556 297 4619 2)
314 4554 349 4608 Ex
365 4552 457 4601 eunctis
474 4552 532 4602 locis
548 4568 623 4606 anum
640 4550 767 4603 nominabo
784 4550 857 4615 Soph.
875 4551 905 4599 0.
924 4551 978 4600 Col.
996 4552 1061 4600 1006
1078 4566 1129 4615 sqq.
