3250 5217
749 418 892 488 27·

177 603 291 669 onibus
324 624 357 667 se
389 602 568 667 discessisse
590 602 766 688 perspexit,
792 606 934 691 vulgaris
955 628 1081 693 qnoque
1103 609 1251 674 materies
1273 610 1372 676 relin-

177 712 304 796 quenda
328 713 385 773 aut
407 730 537 794 prorsus
565 709 688 775 diverso
713 715 807 777 modo
833 714 1001 779 tractanda
1020 716 1090 778 erat
1102 711 1139 801 ¹),
1161 736 1257 798 quam
1276 739 1372 782 num·

177 840 271 902 quam
303 816 448 901 profecto
481 816 542 880 sibi
574 819 758 905 sumpsisset
789 820 817 884 si
847 842 866 884 a
898 821 1001 904 prima
1024 820 1238 885 adolescentia
1261 826 1371 888 codem

176 924 289 989 fuisset
312 923 420 987 animo
445 944 509 1007 quo
533 928 653 1008 postea.
677 926 774 991 Nune
797 932 904 991 tamen
928 932 1014 1012 quod
1035 950 1101 992 non
1125 928 1273 1013 protinus
1291 931 1372 1014 reje-

178 1032 223 1096 cit
252 1030 486 1115 quodammodo
522 1032 667 1095 excusari
696 1036 804 1117 potest
818 1035 861 1120 2);
893 1034 953 1099 hae
983 1055 1108 1120 quoque
1137 1036 1172 1098 in
1195 1056 1230 1099 re
1253 1036 1279 1099 si
1302 1036 1373 1121 quis

179 1136 288 1201 omnia
312 1136 483 1220 diligenter
507 1138 673 1215 γιγνώσκει
698 1139 800 1203 multa
822 1143 929 1225 potest
951 1141 1208 1219 συγγιγνώσκειν.

222 1242 295 1307 Etsi
316 1243 418 1327 igitur
438 1241 607 1327 Euripides
627 1266 752 1329 quoque
772 1247 902 1331 mythos
921 1248 1071 1333 antiquos
1089 1248 1150 1312 sibi
1168 1247 1377 1331 illustrandos

178 1349 360 1435 proposuit,
393 1352 502 1413 tamen
535 1351 671 1415 multum
705 1351 787 1417 afuit
817 1356 854 1417 ut
887 1353 1040 1438 Aeschyli
1073 1375 1183 1418 recens
1217 1354 1334 1418 mortui
1348 1350 1372 1440 3)

178 1480 218 1523 ex
242 1478 311 1521 asse
333 1455 424 1521 heres
447 1456 546 1535 fieret,
574 1458 623 1521 vel
648 1468 749 1523 artem
774 1458 983 1544 Sophocleum
1006 1460 1162 1524 imitando
1175 1460 1373 1543 exprimeret.

180 1562 372 1648 Sophocles,
409 1563 505 1627 homo
541 1568 710 1643 constans,
746 1566 781 1629 in
817 1567 906 1631 omni
935 1589 969 1630 re
1000 1566 1142 1650 antiquis
1172 1567 1261 1631 nisus
1290 1567 1375 1632 vitae

178 1670 375 1748 rationibus,
407 1674 447 1735 ad
481 1672 617 1735 mediam
650 1674 718 1757 jam
753 1677 943 1756 pervenerat
975 1676 1112 1738 aetatem
1148 1697 1220 1739 cum
1242 1674 1374 1757 religio,

179 1776 374 1861 respublica,
399 1776 618 1865 philosophia,
643 1780 709 1843 vita
733 1779 859 1862 privata
881 1780 916 1843 in
941 1800 1040 1846 novas
1063 1781 1131 1846 vias
1153 1780 1374 1856 deflectetent3

179 1884 350 1970 Euripides
369 1904 445 1948 vcro
464 1885 593 1968 juvenis
613 1886 724 1950 mediis
736 1886 770 1949 in
782 1869 1026 1970 tempestatibus
1038 1887 1238 1969 versabatur,
1253 1890 1284 1950 et
1296 1908 1377 1970 quae

180 1995 230 2057 est
247 1990 425 2077 juventutis
445 1993 561 2054 natura
582 1994 620 2055 ad
641 2012 725 2055 nova
741 1992 923 2075 recipienda
935 1993 1200 2077 aptior,penitus
1212 1991 1377 2055 imbueba-

179 2102 235 2163 tur
254 2098 455 2184 notionihus,
482 2121 564 2182 quae
583 2099 734 2163 maiorem
756 2104 837 2163 natu
855 2102 985 2183 poetam
998 2099 1052 2163 vix
1064 2100 1207 2183 tetigisse
1219 2098 1376 2163 videntur.

226 2202 412 2270 Cavendum
432 2208 480 2269 est
503 2227 543 2269 ne
569 2206 630 2270 hoc
653 2228 804 2290 umquam
829 2228 847 2271 e
870 2205 1189 2270 memoriaexcidere
1199 2205 1376 2291 patiamur,

179 2312 244 2376 nisi
266 2312 413 2395 iniquum
434 2312 591 2398 judicium
614 2312 696 2377 ferre
721 2312 864 2379 velimus.

226 2419 317 2496 Quod
349 2420 533 2505 aequalibus
563 2419 623 2484 hao
647 2420 681 2483 in
710 2441 744 2484 re
768 2442 833 2484 non
857 2420 989 2505 licebat,
1016 2420 1197 2505 posteritati
1219 2418 1375 2503 contigit,

180 2530 309 2612 poetam
341 2527 483 2611 judicare
517 2527 670 2611 temporis
704 2526 815 2590 habita
849 2526 983 2593 ratione.
1019 2525 1233 2591 Utilissimum
1268 2547 1375 2590 exem·

180 2633 270 2717 plum
303 2633 435 2717 praebet
456 2632 707 2717 Aristophanes,
738 2634 793 2717 qui
816 2633 961 2717 quamvis
987 2654 1106 2717 magno
1130 2633 1276 2698 acumine
1300 2632 1377 2696 artis

179 2737 372 2823 Euripideae
393 2739 474 2803 vitia
497 2738 742 2824 deprehenderit
764 2743 798 2803 et
821 2740 999 2817 notaverit,
1025 2742 1133 2803 tamen
1155 2739 1301 2823 iniquum
1323 2740 1376 2823 ju·

180 2846 298 2910 dicium
314 2844 391 2909 fecit
409 2845 631 2930 immeritoque
650 2848 777 2930 poetam
794 2846 972 2931 increpuit,
987 2846 1124 2930 primum
1136 2850 1223 2930 quod
1234 2844 1378 2929 singulas

179 2974 231 3017 res
250 2954 371 3037 injuria
390 2953 431 3016 ad
452 2951 648 3037 Sophocleae
668 2954 745 3017 artis
763 2954 891 3037 regulas
911 2954 1069 3038 exigeret,
1089 2976 1147 3017 nec
1165 2953 1264 3017 totius
1275 2951 1379 3035 operis

181 3059 397 3124 diversitatem
430 3060 639 3144 perspiceret,
653 3062 680 3147 ⁴)
711 3063 781 3124 turn
806 3061 891 3146 qnod
915 3082 981 3125 non
1005 3061 1127 3125 videret
1150 3082 1186 3124 ea
1210 3060 1288 3124 vitia
1312 3080 1377 3122 non

218 3314 242 3372 1)
261 3313 404 3377 Hartungus
426 3328 480 3361 eum
503 3311 532 3362 ab
554 3312 727 3363 inconstantiae
743 3313 844 3362 crimine
860 3313 951 3379 pariter
969 3316 1040 3377 atque
1057 3311 1086 3361 ab
1102 3310 1212 3361 omnibus
1228 3310 1283 3360 aliis
1298 3310 1379 3359 crimi-

182 3395 252 3445 nibus
277 3394 399 3444 vindieare
423 3399 521 3445 conatus
547 3399 594 3455 est,
620 3396 686 3445 omni
708 3396 768 3445 vitio
793 3399 914 3445 carentem
937 3400 1032 3460 poetam
1056 3395 1202 3460 praedicans.
1229 3394 1286 3442 Eius
1303 3392 1378 3455 liber,

183 3477 310 3543 Euripides
327 3478 460 3537 restitutus,
481 3480 539 3529 dnm
557 3479 659 3529 nimium
676 3479 777 3545 probare
794 3480 861 3538 vult,
876 3478 939 3528 nihil
952 3477 1062 3544 probasse
1071 3477 1173 3526 videtur.
1197 3478 1226 3526 ln
1235 3477 1381 3526 defendendo

183 3562 299 3627 Euripide
326 3559 355 3611 sb
380 3561 580 3612 obtrectatoribus
605 3578 643 3611 me
666 3563 773 3628 profecto
790 3578 839 3612 non
855 3562 982 3611 indocilem
999 3559 1083 3610 habuit
1100 3561 1226 3619 lectorem,
1244 3560 1284 3607 sed
1300 3562 1380 3607 tumen

185 3644 249 3693 inter
266 3645 392 3708 legendum
409 3662 501 3695 mecum
518 3662 586 3711 saepe
604 3644 774 3695 exclamabam:
794 3662 842 3694 non
858 3645 902 3694 teli
919 3646 1020 3694 auxilio!
1040 3645 1128 3693 Poetae
1146 3644 1209 3692 enim
1228 3641 1326 3692 consilia
1343 3656 1380 3689 as·

184 3729 256 3779 crihit
273 3734 297 3779 et
314 3731 403 3790 laudat,
421 3748 488 3795 quae,
506 3732 569 3795 quod
586 3746 708 3796 nunquam
723 3727 814 3789 habuit,
832 3731 1014 3779 lsudandusest.
1033 3730 1120 3778 Caecae
1130 3724 1295 3777 admirationis
1303 3739 1382 3773 exem·

184 3812 252 3877 plum
275 3812 319 3862 hoc
341 3828 416 3863 unum
439 3814 551 3873 sufficiat,
577 3814 640 3877 quod
665 3812 787 3862 contmdit
811 3812 933 3877 Euripidis
956 3812 1077 3862 Electram
1105 3808 1253 3876 Sophocleae
1277 3807 1381 3857 multum

184 3899 317 3960 praestare!

219 3978 246 4042 2)
266 3978 367 4042 Iniquus
389 3981 413 4027 et
433 3978 518 4027 durior
540 3979 566 4027 in
589 3986 686 4043 poetam
711 3993 747 4026 me
763 3956 848 4041 'judice
870 3981 906 4026 est
927 3994 949 4026 v.
972 3975 1002 4025 cl.
1027 3992 1048 4025 v.
1072 3977 1186 4025 Leeuven
1204 3973 1243 4024 nbi
1260 3973 1383 4023 contendit

185 4060 253 4124 (diss.
275 4076 347 4125 snpra
368 4060 464 4110 laudata
487 4077 525 4125 pg.
554 4060 666 4125 25-29)
691 4076 746 4109 eum
762 4059 936 4123 intelligentem
955 4059 1005 4108 sine
1022 4044 1120 4109 nirmine
1137 4058 1218 4106 divino
1234 4055 1382 4120 tragoediam

185 4146 249 4191 stare
266 4158 314 4192 non
330 4159 408 4208 possa,
427 4159 500 4207 quum
521 4144 572 4208 ipse
591 4143 732 4207 religionem
749 4142 994 4208 repudiaret,esllids
1003 4146 1084 4191 temen
1092 4140 1274 4191 ratiocinatione
1283 4140 1382 4188 ductum

186 4226 242 4274 deos
258 4225 283 4274 in
300 4225 392 4275 tabulas
409 4242 463 4275 suas
481 4226 647 4275 introduxisse.

221 4310 246 4367 3)
263 4308 394 4372 Aeschylus
411 4308 474 4357 enim
492 4309 574 4357 eodem
592 4324 654 4357 anno
672 4312 783 4358 mortuus
801 4313 837 4357 est
845 4324 893 4373 quo
907 4309 1033 4374 Euripides
1046 4309 1151 4373 primum
1159 4306 1294 4371 tragoedias
1302 4303 1383 4354 docuit

186 4389 216 4439 ci.
234 4390 305 4439 Dind.
323 4390 349 4439 in
366 4390 416 4439 vita
434 4389 518 4439 dasch.
535 4407 573 4456 pg.
594 4393 621 4449 5,
640 4391 666 4440 in
684 4392 737 4440 flne.

220 4472 250 4536 4)
266 4472 301 4521 Gi.
327 4472 506 4521 Bernhardiunr
528 4489 567 4537 pg.
593 4473 649 4521 389.
677 4474 723 4522 ‚Es
740 4478 803 4522 wire
822 4473 937 4521 verhehrt
952 4474 1001 4522 nnd
1019 4471 1121 4537 unbillig
1136 4474 1180 4521 den
1198 4471 1296 4519 antiken
1312 4470 1380 4518 Mre-

187 4552 238 4602 stub
256 4555 397 4620 anzulegen,
420 4554 468 4602 und
488 4570 534 4603 von
552 4553 603 4603 ihm
620 4570 650 4603 uu
666 4555 763 4604 fordern
783 4570 830 4604 vas
846 4556 900 4604 dem
917 4555 1015 4604 endken
1032 4554 1149 4617 Tregilrer
1165 4553 1264 4602 sulem:
1283 4551 1335 4600 eins
1353 4564 1380 4598 so
