3250 5217
757 370 819 434 151

194 573 256 617 esse
292 552 502 617 accusandam
538 552 636 637 siquis
671 574 707 616 ea
743 553 860 618 abusus
891 555 950 619 sit:
995 576 1097 639 neque
1128 555 1213 620 euim
1252 558 1279 620 si
1314 559 1385 642 quis

192 679 321 743 corpore
344 659 379 722 in
403 658 562 743 palaestra
585 660 758 723 exercitato
779 660 964 745 parentibus
986 662 1034 725 vel
1055 661 1183 726 famulis
1204 662 1256 727 vel
1276 665 1386 728 amicis

192 765 254 828 vim
277 764 413 841 inferat,
437 764 507 829 ideo
532 786 642 829 omnes
665 766 905 849 gymnasiorum
929 767 1101 851 magistros
1125 770 1182 831 aut
1204 768 1283 832 artis
1302 790 1385 853 pug-

192 871 289 935 nandi
318 874 538 955 praeceptores
570 870 714 955 epatris
744 893 810 936 esse
843 871 1063 955 expellendos!
1097 872 1253 938 Universa
1282 875 1385 939 dicere

191 998 357 1062 possumus
393 997 459 1040 non
495 978 611 1041 multas
642 981 727 1041 artes
757 978 894 1042 exerceri
922 999 1033 1063 posse,
1057 980 1084 1043 si
1106 979 1296 1063 rejiciendae
1319 980 1385 1044 sint

192 1105 244 1147 eac
268 1105 349 1168 quae
373 1084 456 1147 malo
481 1106 606 1167 quoque
629 1084 762 1147 oonsilio
788 1084 905 1148 servire
928 1085 1069 1167 possint!

235 1190 337 1255 Zeller
357 1191 505 1255 observat
525 1191 593 1275 (pg.
621 1192 706 1256 1010
728 1192 817 1276 ann.)
835 1191 920 1255 viros
942 1193 972 1254 d.
994 1192 1093 1256 Grote
1113 1194 1146 1256 et
1164 1192 1271 1257 lewes
1291 1214 1383 1277 prae·

190 1296 360 1361 termisisse
392 1296 597 1381 sophisticam
624 1296 864 1361 distinctionem
891 1296 981 1373 νόμον
1006 1300 1039 1361 et
1060 1299 1203 1377 Φύσεως,
1226 1297 1385 1382 plerisque

192 1402 394 1467 vehementer
416 1402 641 1487 improbatam.
663 1402 731 1468 Nec
752 1406 860 1467 tamen
881 1403 966 1467 hanc
986 1426 1053 1467 rem
1076 1404 1290 1488 sophistarum
1308 1426 1383 1488 pro-

189 1509 423 1593 pugnatoribus
446 1514 477 1573 ct
496 1509 639 1593 patronis
658 1510 821 1583 vitandam
841 1531 908 1573 esse
920 1513 1008 1594 puto.
1028 1510 1154 1575 Primus
1173 1514 1278 1576 eutem
1300 1510 1383 1595 Hip-

188 1615 255 1698 pias
266 1614 375 1699 legum
386 1615 610 1680 auctoritatem
623 1614 799 1699 infringere
811 1616 956 1700 videtur3
977 1619 1061 1699 apud
1075 1616 1223 1701 Xenoph.
1236 1616 1383 1700 (Memor.

189 1720 247 1799 IV,
279 1724 311 1799 4,
347 1721 402 1807 14)
434 1722 496 1784 ait:
527 1721 632 1798 νόμους
660 1728 722 1791 πῶς
748 1720 785 1786 ἄν
811 1747 858 1791 τις
884 1723 1036 1799 ἡγήσαιτο
1058 1722 1222 1787 σπουδαῖον
1245 1720 1382 1801 τράγεια

191 1824 266 1893 εἶναι
300 1828 316 1903 ἢ
349 1829 383 1891 τὸ
411 1829 566 1892 πείθεσθαι
600 1829 722 1912 αὐτοῖς,
753 1825 800 1897 οὕς
834 1853 873 1905 γε
897 1829 1050 1899 πολλάκις
1074 1828 1161 1893 αὐτοὶ
1187 1830 1211 1892 oi
1236 1829 1382 1904 τιθέμενοι

190 1935 479 2011 ἀποδοκιμάσαντες
512 1936 742 2009 μετατίθενται.
775 1932 867 2009 Quod
900 1934 927 1997 si
956 1934 1001 1998 sie
1032 1939 1215 2017 excerptum
1238 1934 1382 2018 legatur,

189 2041 279 2123 quasi
308 2040 341 2103 id
372 2039 509 2124 Hippias
541 2040 625 2103 ultro
661 2038 897 2103 defendendum
933 2040 1165 2123 proposuisset,
1202 2061 1319 2123 anceps
1351 2044 1384 2105 et

188 2166 286 2229 grave
305 2145 446 2227 forsitan·
466 2146 566 2210 videri
591 2146 706 2230 possit3
731 2148 785 2209 sed
810 2146 901 2223 vide,
924 2168 1060 2230 quaeso,
1084 2168 1223 2230 quanam
1243 2144 1382 2211 Socratis

188 2250 406 2335 disputatione
425 2251 504 2315 haee
523 2252 684 2315 sententia
704 2254 903 2335 provocetur.
925 2251 1080 2316 instituta
1092 2251 1291 2334 quaestione,
1305 2251 1382 2334 quid

188 2358 229 2421 sit
258 2340 305 2421 rt
323 2356 454 2434 δίκαιον,
487 2356 631 2421 Socrates
662 2377 794 2439 arguere
824 2362 959 2424 conatur
990 2358 1024 2424 τὸ
1055 2358 1179 2435 νόμιμον
1207 2378 1273 2421 esse
1296 2356 1381 2421 idem

188 2466 272 2548 quod
296 2464 331 2527 τὸ
358 2463 481 2527 δίκαιον.
504 2462 588 2527 Nam
609 2463 664 2546 qui
685 2465 718 2527 rt
741 2462 867 2540 νέμιμον
886 2464 907 2527 i.
930 2485 956 2527 e.
976 2464 1046 2535 τοὺς
1067 2464 1175 2540 νόμους
1195 2471 1250 2536 τῆς
1263 2462 1380 2534 πόλεως

188 2570 334 2635 observet
355 2570 460 2653 ipsum
485 2590 550 2633 csse
567 2559 699 2646 Ιιοίιιιμον
724 2573 757 2633 et
780 2570 886 2635 δίκαια
910 2570 1074 2647 πράττειν,
1098 2570 1154 2654 qui
1174 2570 1289 2648 violet,
1309 2591 1381 2634 eum

188 2677 335 2754 πράττειν
358 2675 462 2742 ἄδικα.
484 2674 544 2751 Qui
567 2676 672 2740 δίκαια
693 2674 844 2760 πράττει,
865 2698 936 2740 eum
957 2698 1024 2741 esse
1046 2677 1177 2751 disseca,
1199 2675 1255 2761 qui
1266 2675 1379 2758 ἄδικοι,

187 2780 299 2848 ἄδικον.
326 2782 414 2867 Ergo
438 2784 488 2847 τὸν
514 2782 640 2859 νόμιμον
664 2803 731 2846 esse
755 2782 887 2859 δίκαιον,
914 2782 964 2846 τὸν
989 2782 1100 2860 ἄνομον
1125 2782 1248 2859 ἄδικον,
1274 2782 1308 2847 τὸ
1349 2782 1380 2848 d·

186 2912 280 2965 μιμιν
305 2888 406 2972 igliur
428 2888 513 2953 idem
537 2909 603 2953 esse
627 2889 712 2972 quod
737 2888 771 2952 τὸ
796 2888 921 2954 δίκαιον.

231 2994 305 3061 Jam
336 3016 447 3058 omnes
477 2994 621 3059 obtestor
652 2993 797 3059 veritatis
827 2996 1003 3071 amatores,
1036 2994 1108 3077 quis
1141 3015 1207 3058 non
1237 2995 1382 3079 repudiet

187 3100 282 3165 telem
306 3100 569 3185 disputationem,
592 3121 654 3183 qua
674 3120 713 3163 ex
733 3099 783 3163 his
805 3121 886 3184 quae
907 3102 1000 3163 erant
1017 3100 1243 3184 sumpta:.qui
1262 3101 1380 3177 νόμιμοι

187 3206 337 3285 πρείττει,
370 3206 474 3270 δίκαιαι
508 3205 659 3289 πράττει,
692 3206 807 3290 puerili
841 3209 874 3272 et
904 3205 1017 3290 putido
1050 3226 1155 3269 errore
1177 3206 1341 3271 dialectico
1357 3208 1381 3291 ¹)
1488 3201 1492 3208 ’

101 3313 111 3332 “
187 3314 397 3379 concludatur
425 3313 459 3378 τὸ
492 3312 618 3389 νόμιμον
648 3313 732 3377 idem
763 3333 831 3377 esse
857 3312 941 3396 quod
965 3312 1000 3376 rt
1025 3311 1155 3387 δίκαιον,
1181 3348 1223 3359 -
1248 3334 1323 3376 nam
1346 3313 1381 3376 id

187 3419 246 3484 sibi
270 3419 414 3485 Socrates
438 3422 603 3483 ostendere
626 3422 846 3503 proposuerat.
884 3418 956 3503 Iure
979 3418 1078 3503 igitur
1100 3418 1204 3503 rejicit
1226 3417 1379 3501 Hippias,

187 3530 218 3590 et
249 3526 409 3591 verissime
433 3526 580 3590 observat
599 3526 683 3590 tanti
707 3525 861 3589 momenti
885 3546 951 3590 esse
973 3547 1040 3590 non
1062 3546 1154 3608 posse
1176 3527 1210 3588 τὸ
1235 3523 1379 3605 νόμιμοι,

186 3632 270 3717 quod
305 3631 487 3716 saepissime
518 3634 668 3695 mutetur.
705 3630 775 3696 Hac
807 3632 842 3695 in
864 3654 898 3695 re
922 3632 949 3695 si
971 3630 1132 3696 Socratem
1158 3631 1298 3715 sequaris
1321 3654 1378 3696 ne·

186 3739 319 3803 cessario
352 3737 398 3802 eo'
425 3738 589 3822 pervenias
625 3741 663 3801 ut
696 3737 730 3801 τὸ
766 3739 879 3803 δίκαιον
914 3759 1039 3821 quoque
1073 3741 1225 3822 perpetuo
1261 3738 1380 3803 mutari

186 3844 271 3909 dicas
285 3844 331 3926 Β),
364 3845 450 3928 quod
474 3844 553 3908 mihi
576 3844 680 3908 multo
705 3845 807 3928 magis
832 3843 973 3908 moribus
997 3864 1111 3907 nocere
1134 3843 1260 3907 ridetur
1283 3865 1378 3928 quam

194 3996 386 4005 *—

219 4097 248 4164 1)
266 4100 344 4163 Quem
362 4114 431 4147 nemo
450 4098 539 4147 rectius
556 4098 649 4146 notovit
666 4112 736 4161 quam
754 4098 912 4159 Protagoras,
926 4094 1015 4144 stultus
1027 4094 1069 4143 ille
1082 4094 1189 4159 sophista
1201 4098 1226 4143 st
1243 4094 1378 4159 improbus!

185 4178 248 4227 Nam
272 4181 393 4228 Socratem
416 4178 543 4243 aliquando
561 4178 643 4227 eadem
660 4178 753 4226 ratione
772 4178 932 4243 disputantem
950 4176 1022 4241 (apud
1040 4175 1102 4224 Plst.
1120 4177 1188 4225 Prot.
1206 4192 1244 4240 pg.
1263 4176 1324 4239 331)
1341 4176 1380 4224 his

186 4260 263 4310 verbis
288 4260 389 4311 rciutst:
415 4258 476 4323 οὐχὶ
501 4262 536 4309 τὰ
563 4259 646 4321 ὅμοιόν
669 4277 695 4308 τι
716 4257 814 4321 ’ἔχοντα
832 4257 906 4319 ὅμοια
925 4256 1125 4306 tinternensis.
1151 4257 1256 4306 Socratis
1273 4257 1380 4321 disputa-

185 4342 262 4392 tiones
278 4344 341 4408 epud
360 4342 487 4393 Platonem
503 4345 595 4392 scatent
611 4340 700 4391 talibus
716 4340 851 4399 erroribus,
869 4355 973 4404 quorum
989 4354 1104 4404 nusquam
1118 4339 1195 4389 adhuc
1209 4339 1291 4389 iuueni
1305 4339 1380 4404 expli·

185 4424 302 4475 ostionem
318 4424 379 4473 mihi
395 4423 549 4489 probabilem.
568 4425 635 4488 Quae
653 4422 786 4473 Stallbaum
801 4425 917 4471 annotare
931 4421 992 4470 solet
1000 4436 1075 4485 prope
1083 4436 1195 4472 nauseam
1203 4420 1264 4470 mihi
1272 4423 1378 4469 movent.

219 4506 247 4569 2)
266 4506 405 4554 Notandum
428 4508 463 4555 cst
481 4506 506 4555 in
523 4506 582 4569 ch.
600 4505 709 4555 Platonis
721 4506 751 4571 51
769 4520 808 4570 pg.
826 4505 906 4553 3381)
924 4502 971 4565 sq.)
991 4502 1207 4567 Thrasymachum,
1225 4506 1252 4551 ut
1268 4501 1378 4552 defendat
