3250 5217
758 444 837 530 195·

238 624 386 691 Feminae
415 623 628 691 Athenienses
658 627 759 711 igitur
791 630 938 712 spectant
962 628 1105 693 convicia
1129 627 1186 693 illa
1209 627 1387 713 frequentia
1493 652 1495 656 ⁴

193 735 227 798 et
248 732 432 812 durissima,
457 734 497 797 ad
521 755 692 818 earumque
715 755 818 799 mores
841 756 1007 819 expressae
1029 737 1107 799 sunt
1130 734 1294 819 improbae
1315 757 1386 799 mu-

194 840 285 905 lieres
315 840 465 925 tragicae,
497 839 597 917 Tum,
631 841 898 926 quemadmodum
937 840 1006 906 fieri
1040 843 1146 926 potest
1181 843 1219 905 ut
1253 840 1383 926 aliquis,

193 945 338 1030 quamvis
361 946 493 1010 omnino
517 967 644 1011 aversus
669 947 710 1010 ab
733 948 823 1011 arcta
846 968 969 1011 morum
993 946 1153 1033 custodia,
1173 946 1257 1012 hanc
1277 950 1385 1011 tamen

194 1052 383 1137 quibusdam
415 1052 599 1117 hominibus
635 1055 783 1138 prodesse
813 1053 991 1139 intelligat,
1023 1054 1067 1119 sic
1096 1053 1263 1137 Euripides
1284 1054 1385 1119 multa

194 1159 283 1223 dedit
313 1161 481 1244 praecepta
511 1182 530 1223 a
561 1181 618 1224 sua
642 1164 747 1225 mente
779 1160 884 1226 aliena
914 1161 969 1225 sod
998 1161 1037 1226 ad
1070 1182 1172 1225 mores
1195 1160 1385 1227 feminarum

194 1265 372 1350 aequalium
397 1268 654 1344 accommodata,
680 1266 766 1331 velut
791 1266 917 1332 Heracl.
943 1268 1027 1332 476:
1054 1265 1203 1332 »feminis
1226 1290 1384 1332 summum

195 1375 289 1437 decus
308 1375 357 1437 est
375 1374 496 1456 tacere,
518 1374 705 1437 modestiam
717 1374 904 1452 observare,
919 1375 1006 1438 domi
1020 1371 1169 1449 manere''
1183 1374 1237 1460 (cf.
1250 1373 1384 1459 Meleag.

194 1478 234 1543 fr.
261 1478 356 1557 525),
377 1478 504 1543 >omnis
527 1500 608 1543 uxor
627 1481 752 1560 σώφρων
773 1480 882 1544 mariti
900 1481 1012 1545 1111111
1025 1480 1091 1544 est''
1104 1478 1229 1566 (Oedip.
1242 1479 1280 1545 fr.
1295 1479 1385 1566 549).

195 1585 411 1650 Andromach.
437 1586 504 1651 944
526 1607 614 1671 sqq.:
639 1608 701 1651 >ne
726 1587 833 1651 mariti
855 1587 965 1652 sinant
988 1608 1101 1652 uxores
1123 1608 1196 1651 suas
1216 1587 1257 1651 ab
1277 1586 1386 1651 amicis

196 1692 335 1769 visitari3
361 1692 421 1755 hae
444 1692 529 1755 enim
554 1693 658 1757 omnis
681 1692 758 1756 mali
781 1695 926 1757 auctores
948 1695 1041 1777 suut,
1055 1742 1063 1757 .
1148 1694 1265 1777 januas
1287 1692 1387 1777 igitur
1434 1781 1436 1784 Ι

194 1798 336 1862 clavibus
368 1801 400 1862 11
430 1797 573 1864 vectibus
604 1798 757 1863 claudant
785 1802 818 1863 et
841 1798 1020 1863 obserent’'.
1044 1798 1140 1882 Alop.
1163 1799 1203 1865 fr.
1231 1799 1294 1862 112
1319 1799 1385 1883 (ap.

195 1902 284 1971 Stob.
311 1905 353 1970 74
381 1905 453 1989 17):
479 1905 577 1988 >quid
602 1926 730 1989 operam
755 1906 864 1970 demus
887 1907 924 1970 ut
946 1904 1080 1969 feminas
1104 1905 1306 1969 erudiamus?

638 2014 671 2077 οιὶ
696 2013 758 2093 γὰρ
783 2008 817 2077 εὖ
840 2011 1050 2091 τεθραμμέναι
1075 2011 1168 2077 πλέον

421 2119 615 2199 σφάλλουσιν
641 2117 735 2189 οίκονς
761 2124 820 2183 τῶν
846 2117 1140 2199 πορηριελιρρνένων”.

241 2223 317 2289 Sine
360 2226 456 2290 dubio
498 2226 721 2290 observaverat
760 2225 926 2290 scientiam
969 2224 1176 2310 multiplicem
1212 2225 1319 2290 stultis
1352 2229 1385 2290 ot

196 2330 236 2394 ad
268 2330 346 2394 vitia
381 2332 489 2416 pronis
525 2331 626 2415 magis
662 2352 774 2397 nocere
810 2354 906 2416 quam
937 2335 1095 2416 prodesse.
1135 2331 1255 2396 Eodem
1291 2331 1385 2397 modo

197 2435 276 2500 mihi
308 2436 528 2521 explicandum
559 2460 625 2502 esse
652 2438 772 2502 videtur
795 2438 911 2502 mirum
936 2437 1179 2503 Andromachae
1200 2438 1384 2522 ingenium,

197 2564 278 2627 quae
309 2544 431 2608 domini
462 2544 529 2622 sui,
561 2544 649 2609 cuius
673 2547 765 2629 pater
790 2544 939 2609 maritum
954 2567 1054 2609 suum
1077 2542 1295 2622 interfecerat,
1319 2566 1385 2609 ser·

197 2648 302 2714 viliter
332 2672 460 2727 amans,
493 2653 527 2715 et
556 2671 689 2716 monens
718 2652 810 2716 uxori
846 2652 942 2716 etiam
977 2650 1100 2736 spurios
1131 2651 1238 2715 mariti
1269 2650 1386 2715 liberos

197 2755 328 2821 alendos
359 2778 423 2821 esse
455 2757 682 2843 (als-225),
713 2758 847 2823 omnino
871 2760 911 2822 ad
935 2757 1072 2823 feminae
1096 2757 1248 2822 barbarae
1270 2758 1386 2843 imagi-

196 2883 270 2925 nem
294 2884 441 2946 expressa
461 2868 518 2927 est.
543 2860 635 2927 'Pales
656 2885 759 2928 mores
778 2862 946 2947 Euripides
965 2865 1108 2948 profecto
1129 2885 1196 2927 non
1215 2864 1387 2928 imitandos

196 2969 414 3054 propositurus
446 2974 514 3034 erat
537 2970 598 3034 nisi
624 2969 809 3035 mulieribus
832 2969 972 3047 levibus,
998 2970 1173 3055 corruptis,
1197 2969 1386 3055 depravatis.

200 3228 208 3242 1
240 3198 293 3263 Ab
306 3200 460 3265 omnibus
479 3200 545 3265 fere
564 3200 649 3265 vitae
669 3200 876 3286 scriptoribus
890 3198 915 3284 1)
936 3198 1106 3284 Euripides
1124 3199 1261 3263 traditur
1280 3200 1388 3266 uxoris

197 3306 353 3371 adulterio
373 3307 579 3371 exacerbatus
597 3307 631 3371 in
654 3310 760 3371 totum
778 3328 890 3371 sexum
906 3307 1050 3371 invectus
1070 3328 1146 3371 esse.
1166 3304 1252 3370 Illud
1264 3306 1387 3371 adulte·

198 3412 279 3476 rium
299 3434 365 3478 non
384 3434 443 3499 pro
465 3417 551 3479 certo
572 3417 715 3497 constat3
729 3412 980 3498 Aristophanem
992 3412 1136 3497 profecto
1148 3412 1329 3477 mirandum
1340 3415 1389 3477 est

198 3539 265 3583 non
286 3519 410 3605 saepius
430 3525 462 3585 et
481 3520 619 3606 apertius
640 3520 673 3585 id
693 3520 810 3598 risisse;
834 3520 930 3585 semel
946 3523 1075 3584 tantum
1083 3522 1166 3584 tecte
1177 3506 1388 3604 significate.

199 3720 280 3727 --*.
300 3726 319 3729 .-

233 3850 257 3910 1)
276 3849 305 3899 In
322 3867 344 3902 v.
363 3851 384 3910 1,
403 3851 428 3901 ΙΙ
447 3855 471 3901 11
489 3853 524 3902 IV
542 3870 579 3919 ap.
599 3854 668 3904 Diod.
687 3857 749 3919 poet.
768 3870 830 3904 scen.

232 3931 260 3996 2)
278 3932 331 3985 Vid.
349 3936 409 3984 ch.
428 3935 493 3985 1045
511 3951 574 4001 sqq.:

260 4014 317 4064 Eur.
336 4016 373 4075 μὰ
391 4016 442 4073 Δί’,
459 4016 582 4080 οὐδὲγὰρ
599 4015 626 4075 ἦν
643 4020 689 4077 τῆς
707 4015 856 4081 Ἀφροδίτης
874 4014 944 4066 σιίὃέν
961 4033 1008 4065 σοι.
1028 4016 1110 4067 dasch.
1130 4014 1194 4077 μηδέ
1208 4015 1237 4078 γ’
1256 4011 1339 4072 ἐπείη,

332 4096 393 4146 ἀλλ’
411 4095 457 4147 ἰπί
471 4117 510 4148 τοι
529 4099 569 4149 rol
585 4098 628 4149 ιιοιῖ
645 4102 700 4157 τοῖς
717 4101 797 4149 σοῖσιν
814 4098 899 4156 πολλὴ
917 4100 1014 4148 πσλλοίί
1032 4097 1175 4155 ’remitam

332 4177 399 4227 tic-rs
416 4196 447 4243 γε
465 4180 557 4230 κοιῖιτίν
575 4181 606 4231 σέ
623 4180 680 4230 κατ’
698 4176 739 4230 οὖν
757 4179 857 4243 ’ίβοιλεν
876 4182 930 4234 Dio.
948 4181 974 4238 νὴ
993 4181 1036 4229 τὸν
1055 4181 1104 4229 Δίιι
1121 4181 1200 4230 τοίτό
1215 4177 1248 4242 γε’
1265 4195 1304 4227 τοι
1319 4177 1355 4236 δή.

332 4258 349 4308 ‘cl
368 4263 418 4324 γὰρ
437 4258 463 4321 ἐς
481 4265 529 4322 τὸις
546 4263 684 4325 ἀλλοτρίας
701 4260 792 4322 ἐποίεις
808 4261 887 4322 αὐτὸς
904 4261 1032 4311 τούτοισιν
1053 4259 1173 4325 ἐπλήγης.

233 4343 301 4407 Quae
317 4345 420 4409 scriptor
437 4345 500 4395 vitae
517 4346 587 4396 citat:

466 4431 614 4491 Κηφισοφῶν
632 4426 720 4489 lipsa-rs
738 4427 780 4477 κον)
796 4426 956 4489 μολιίντοιπσ,

467 4510 498 4558 σι)
517 4507 546 4567 δὴ
565 4507 671 4575 σννίζιρς
688 4508 720 4567 ὡς
737 4512 772 4559 ric
790 4510 867 4559 πόλλ’
885 4508 1003 4573 Εὐριπίδῃ
1021 4526 1042 4557 ιι.
1053 4527 1077 4558 τ.
1090 4520 1112 4558 λ.

199 4594 339 4656 argomento
358 4607 407 4641 esse
424 4592 484 4642 mibi
501 4608 548 4642 non
566 4593 685 4644 videntur.
