3250 5217
738 472 782 539 43

165 655 330 721 Musaeum
354 658 414 720 eto.
439 657 580 739 spectare
601 656 744 735 videtur,
766 656 939 743 Orphicam
960 658 1028 723 siue
1041 658 1136 722 dubio
1148 658 1356 745 theogoniam

164 761 339 848 significat,
372 760 428 825 nbi
453 760 526 825 illos
550 761 669 827 scilicet
693 763 777 829 viros
800 768 927 830 secutus
949 764 1068 849 primos
1090 769 1238 849 parentes
1264 768 1358 852 ponit

165 879 224 948 γῆν
246 894 283 933 σε
307 868 358 933 κα1
384 869 526 952 οὐρανὸν,
551 868 666 952 quibus
691 870 778 935 varia
802 874 933 937 deorum
957 892 1075 956 genera
1098 875 1169 935 orta
1192 870 1304 953 sintl).

207 976 393 1062 Physiologi
424 974 525 1040 lonici
552 996 663 1040 omnes
686 976 852 1043 finxerunt
874 978 1089 1043 conditionem
1113 978 1295 1062 primariam
1324 983 1357 1043 et

162 1082 358 1168 simplicem,
382 1082 503 1163 μορφὴν
527 1082 618 1159 μίαν,
647 1082 734 1148 ouius
759 1085 840 1149 alius
865 1089 974 1149 tamon
999 1084 1093 1148 aliam
1117 1088 1266 1149 naturam
1290 1108 1357 1151 esse

165 1188 368 1255 existimarit.
390 1186 482 1253 Solus
501 1187 645 1251 omnium
665 1186 905 1255 Anaximander
924 1190 1123 1275 separatione
1143 1194 1357 1256 exeacunota

165 1298 236 1360 orta
258 1316 325 1359 esse
347 1294 447 1372 dixit,
470 1294 545 1358 huic
568 1293 653 1358 enirn
676 1294 798 1379 placuit
822 1296 856 1361 ἐκ
877 1301 930 1361 τοῦ
951 1297 1076 1376 aestua
1098 1297 1237 1381 separari
1256 1297 1357 1382 parti-

164 1401 251 1467 culas
283 1400 401 1465 calidas
424 1402 457 1464 et
478 1398 630 1484 frigidas,
653 1400 800 1467 humidas
823 1405 856 1468 et
879 1402 1005 1482 aridas,
1029 1425 1110 1488 quae
1134 1424 1253 1488 magna
1277 1405 1356 1470 cele·

163 1508 259 1574 ritate
294 1508 456 1573 contortas
490 1507 525 1570 in
562 1506 664 1572 varias
701 1529 870 1593 corporum
905 1509 1089 1575 caelestium
1122 1510 1242 1575 formas
1280 1532 1357 1576 con-

165 1615 353 1681 crescerent.
1273 1675 1275 1684 .

208 1721 421 1806 Anaxagoras
451 1724 637 1808 praeceptor
668 1722 830 1808 Euripidis
860 1724 1053 1810 principium
1077 1724 1173 1789 finxit
1196 1725 1358 1789 infinitam

163 1829 404 1896 multitudinem
427 1829 654 1915 particularum
678 1830 939 1895 tenuissimarum
962 1831 1091 1896 interae
1104 1830 1358 1909 cohaerentium,

164 1959 247 2022 quae
266 1941 422 2003 vocantur
433 1938 646 2017 ὂμασρσερεΐαν.
671 1936 748 2001 Eius
769 1935 844 2002 libri
865 1941 931 2019 περὶ
947 1938 1069 2019 Φύσεως
1081 1938 1210 2003 initium
1222 1937 1360 2003 servavit

164 2042 348 2128 Simplicius
367 2046 406 2108 ad
427 2042 561 2108 Aristot.
586 2042 723 2127 Physica
735 2045 802 2129 (pg.
818 2045 899 2131 aab)
911 2046 1008 2122 »turi
1020 2046 1174 2125 χρήματα
1187 2043 1294 2109 σαντα
1306 2040 1359 2122 ἦν,

166 2146 280 2230 ἄπειρα
312 2151 365 2215 καὶ
397 2151 509 2226 πλῆθος
542 2151 594 2215 καὶ
628 2149 908 2229 σμικρότητα...
943 2153 1056 2217 Πανσα
1080 2153 1143 2232 γαρ
1166 2153 1223 2231 ebir
1247 2176 1282 2215 σε
1306 2151 1359 2214 καὶ

166 2256 252 2337 αἰθὴρ
286 2265 454 2337 κατεῖχεν,
490 2256 658 2337 ἀμφότερα
693 2254 806 2345 ἄπειρα
836 2255 935 2323 ἔσντα.
970 2262 1086 2323 Ταῦτα
1121 2258 1185 2337 γὰρ
1218 2256 1360 2335 μέγιστα

165 2361 280 2429 ἔνεστιν
305 2365 335 2428 ἐν
357 2371 420 2435 τοῖς
445 2363 590 2439 σύμπασι
614 2362 666 2429 καὶ
692 2365 799 2436 πλήθει
825 2363 877 2429 καὶ
897 2365 1058 2443 μεγέθεν”.
1081 2364 1133 2430 καὶ
1154 2367 1224 2443 μετ’
1237 2362 1359 2442 dacaru·

165 2472 240 2535 »καὶ
264 2470 327 2549 γαρ
353 2472 366 2535 i
390 2472 446 2551 clip
471 2470 522 2535 καὶ
548 2471 561 2534 i
585 2472 670 2550 αἰθὴρ
694 2472 890 2550 tenuatam
914 2473 976 2537 cirri
1000 2477 1053 2538 τοῦ
1076 2476 1192 2537 πολλοῦ
1213 2476 1266 2537 τσῦ
1280 2496 1360 2550 σερι-

165 2575 291 2657 έχσνσσς
311 2576 363 2641 καὶ
384 2574 460 2655 τάγε
479 2576 618 2657 περιέχον
637 2568 760 2656 ἄπειρόν
781 2580 847 2642 ε’σσν
869 2579 903 2643 τὸ
928 2587 1041 2654 πλῆθος
1057 2579 1093 2665 ²).
1107 2579 1222 2643 Postea
1234 2581 1359 2654 autern,

165 2686 201 2747 ut
234 2684 405 2767 exponitur
435 2686 519 2767 apud
554 2682 664 2768 Simpl.
698 2684 747 2768 (in
778 2684 914 2750 Aristot.
941 2685 1036 2769 Phys.
1064 2706 1118 2769 pg.
1145 2686 1187 2750 33
1199 2687 1233 2771 u)
1257 2685 1270 2748 i
1295 2689 1360 2753 νοῦς

165 2790 272 2854 σαντα
305 2789 486 2867 διεκόσμησε
520 2788 669 2873 (Sohaub.
694 2787 733 2856 fr.
761 2791 814 2871 8),
841 2793 989 2855 contorta
1012 2790 1133 2856 scilicet
1155 2790 1249 2855 celeri
1273 2792 1363 2854 motu

165 2897 234 2981 (pg.
261 2895 335 2960 ora
358 2894 494 2961 Schaub.
520 2894 558 2961 fr.
586 2897 650 2981 18).
677 2895 745 2971 Quo
769 2894 854 2960 facto
879 2896 947 2981 (pg.
974 2898 1052 2974 381),
1077 2895 1213 2963 Schaub.
1238 2894 1277 2962 fr.
1307 2896 1362 2981 19)

165 3004 200 3067 ri
220 3001 278 3080 μὲν
297 3001 406 3065 πυκνὸν
430 3002 481 3065 καὶ
505 3000 596 3079 διερὸν
620 3002 671 3064 καὶ
684 3002 804 3081 ψυχρὸν
817 3002 868 3065 καὶ
882 3001 1007 3082 ζοφερὸν
1020 3002 1123 3067 ἐνθάδε
1137 3003 1361 3081 συνεχώρησεν,

165 3108 238 3174 ἔνθα
262 3114 313 3172 νῦν
337 3112 353 3182 ἡ
378 3117 429 3185 νῆ.
454 3109 500 3172 Τὸ
523 3107 553 3172 δὲ
574 3108 678 3186 aparte
702 3110 754 3173 aul
769 3110 803 3173 rt
817 3108 922 3190 θερμὸν
943 3110 995 3173 καὶ
1016 3110 1050 3173 rb
1070 3108 1155 3188 ξηρὸν
1176 3106 1362 3189 ἐξεχώρησεν

166 3217 209 3288 εἷς
235 3216 268 3281 τὸ
296 3213 395 3295 νσρόσνι1
420 3219 474 3279 τσῦ
498 3214 622 3293 αἰθέρος.

212 3322 339 3386 Placuit
361 3322 463 3406 igitur
481 3320 694 3405 Anaxagorae
714 3322 832 3405 partim
851 3324 916 3407 jam
938 3323 978 3387 ab
997 3322 1091 3386 initio
1103 3322 1181 3401 ρξε’ρα
1194 3320 1246 3385 καὶ
1259 3320 1362 3398 αἰθέρα
1469 3399 1471 3404 Ι

167 3440 246 3515 (qua
270 3449 346 3493 voce
368 3429 477 3512 ignem
503 3427 698 3513 significasse
722 3427 865 3506 videtur,
889 3428 930 3495 cf.
955 3429 1089 3493 Aristot.
1115 3429 1153 3493 de
1177 3427 1264 3491 coelo
1288 3427 1364 3511 1,3)

168 3537 331 3619 separatos
355 3534 417 3599 aiat
438 3533 561 3599 arturus
573 3533 743 3613 χρημάτων
756 3538 867 3619 postea
880 3537 988 3600 auctos
1001 3538 1034 3599 et
1045 3534 1257 3619 amplificatos
1269 3532 1365 3597 fuisse

168 3640 333 3725 particulis
353 3640 476 3705 levibus
496 3642 529 3704 et
547 3640 715 3717 tenuibuS‚
736 3662 818 3725 quae
838 3664 857 3705 a
877 3640 1045 3706 contrariis
1065 3644 1228 3725 separatae
1240 3661 1363 3703 sursum

169 3749 210 3810 ad
241 3768 421 3831 supremam
453 3746 588 3811 aetheris
623 3750 747 3829 partem
780 3750 948 3832 surgerent
979 3747 1033 3833 (cf.
1058 3745 1195 3812 Schaub.
1227 3767 1282 3831 pg.
1309 3746 1365 3831 74)

169 3853 202 3917 vi
226 3852 343 3920 urentis
367 3852 542 3919 effectricis.

213 3954 325 4042 Neque
359 3958 600 4023 Anaximander
639 3980 741 4043 neque
776 3958 986 4043 Anaxagoras
1021 3958 1198 4024 docuerunt
1232 3981 1250 4024 e
1286 3960 1365 4024 chao

179 4110 369 4120 ——

203 4196 229 4257 1)
250 4195 351 4244 Proclus
367 4195 394 4243 in
416 4194 477 4243 Tim.
498 4194 526 4246 V.
545 4194 607 4245 295:
624 4191 721 4256 πρώτην
739 4192 835 4258 νύμφην
852 4192 978 4243 &sommi
993 4193 1097 4255 Ὀρφεὺς
1113 4192 1158 4251 τὴν
1179 4194 1227 4255 γῆν
1244 4191 1287 4240 καὶ
1303 4190 1367 4253 πρώ-

169 4292 257 4324 σνστσν
278 4272 361 4339 γάμον
385 4275 429 4333 τῆν
451 4274 536 4324 ’ένασνν
560 4274 639 4333 αὐτῆς
666 4276 724 4338 πρὸς
747 4277 791 4324 σὸν
809 4273 923 4338 Οὐρανόν.
940 4275 1068 4341 snbjungit
1086 4276 1130 4324 hac
1149 4276 1266 4326 decanea
1282 4275 1366 4325 matri·

169 4358 275 4408 monium
293 4356 391 4420 Οὐράνρ
409 4361 434 4407 et
451 4358 515 4423 Γαίᾳ
532 4373 627 4408 sacrum
643 4359 726 4408 videri.

201 4441 310 4490 Platonis
325 4441 403 4491 locum
419 4440 497 4489 Zellcr
513 4442 543 4501 (1.
560 4457 598 4506 pg.
618 4442 651 4489 80
669 4457 724 4489 ann.
742 4440 769 4505 1)
787 4440 942 4506 probabiliter
959 4442 988 4490 ad
1003 4440 1155 4505 theogeniam
1173 4439 1202 4489 ab
1212 4440 1317 4488 Eudemo
1332 4438 1365 4486 ci·

171 4526 246 4572 tatum
264 4523 338 4589 (apud
355 4524 461 4571 Damaso.
480 4539 499 4571 c.
519 4522 567 4571 124
584 4538 621 4586 pg.
641 4522 702 4588 382)
719 4522 800 4572 refert.

205 4607 231 4666 2)
250 4606 309 4656 Vide
327 4603 477 4664 Schaubach,
495 4606 569 4655 Anax.
589 4605 650 4655 Claz.
669 4605 803 4669 fragmenta
820 4607 865 4655 etc.
883 4606 912 4656 ir.
932 4607 946 4654 1
964 4621 1004 4671 pg.
1023 4606 1054 4654 65
1070 4607 1095 4653 et
1110 4604 1141 4653 tr.
1160 4604 1176 4652 2
1192 4618 1230 4669 pg.
1248 4604 1287 4650 83.
