3250 5217
811 387 874 450 150

216 568 379 637 'deerunt
403 572 572 656 sophistae.
607 572 799 655 Protagoras
822 571 907 635 enim
932 572 1000 654 ipse
1024 570 1108 638 ultro
1132 572 1165 633 et
1188 569 1282 653 plane
1306 569 1432 654 pollici-

241 680 293 741 tus
325 680 374 743 est
404 700 436 743 se
468 680 541 742 »riu
573 676 652 753 ἥττω
684 678 775 753 λόγον
809 677 935 755 κρείττω
969 676 1097 741 ποιεῖν”.
1126 674 1223 739 Haud
1254 676 1349 739 dubie
1372 674 1432 740 hoc

240 784 403 867 promisit,
437 784 589 867 siquidem
623 782 790 847 Aristoteli
821 783 898 847 fides
934 806 1000 847 non
1036 783 1224 865 deneganda
1257 780 1385 845 videtur
1399 784 1432 864 ¹).

239 888 308 953 Illis
340 895 445 953 autem
477 890 581 953 verbis
613 890 806 972 Protagoras
837 888 1032 972 significavit
1062 910 1095 951 se
1131 889 1256 951 dooere:
1294 907 1432 969 quanam

241 997 310 1058 arte
327 995 453 1059 dicendi
473 1017 568 1058 eausa
588 993 797 1058 inferior
817 994 886 1057 fieri
905 994 1127 1079 superior
1147 996 1253 1076 posset
1273 991 1350 1076 (rid.
1367 989 1431 1056 cie.

240 1100 333 1165 Brut.
366 1100 446 1165 VIII
472 1102 543 1186 30);
570 1101 690 1165 idest:
724 1101 1104 1184 quemadmodum
1135 1098 1432 1181 idquodnon

239 1208 306 1271 sit
329 1206 591 1271 verisimile
615 1207 977 1289 tamenprobari
1000 1203 1432 1291 possit2).Fiuntantem

240 1312 342 1375 multa
365 1333 446 1395 quae
469 1312 523 1376 vix
547 1312 615 1376 fieri
649 1333 741 1395 posse
772 1313 959 1377 videantur:
985 1313 1063 1383 εἰκὸς
1089 1313 1227 1389 γίνεσθαι
1251 1312 1356 1374 πολλὰ
1380 1311 1431 1375 καὶ

240 1417 325 1495 παρὰ
359 1420 393 1483 τὸ
429 1418 506 1490 εἰκός
534 1416 667 1503 (Agath.
698 1441 747 1502 ap.
777 1417 941 1483 Aristotel.
966 1419 1056 1483 Poet.
1083 1417 1169 1482 1456
1181 1418 1232 1502 α),
1256 1418 1310 1481 sed
1335 1439 1432 1499 quum

239 1525 494 1589 veritatem
518 1546 705 1608 quaeramus
737 1526 772 1588 in
804 1525 953 1589 omnibus
985 1525 1078 1589 rebus
1111 1524 1298 1609 praesertim
1326 1523 1361 1586 in
1382 1524 1433 1606 ju·

237 1629 343 1706 diciis,
379 1652 510 1713 eamque
535 1632 629 1693 etiam
662 1631 732 1695 aliis
767 1652 925 1715 exponere
957 1630 1127 1695 debeamus
1152 1624 1276 1715 siquid
1300 1620 1433 1693 boniet

239 1736 364 1802 honesti
387 1737 538 1820 perficere
571 1737 733 1814 volumus,
758 1737 827 1801 sola
850 1737 897 1801 vis
922 1741 955 1801 et
977 1738 1069 1821 copia
1093 1736 1219 1800 dicendi
1243 1736 1305 1799 hoc
1327 1738 1433 1818 potest

238 1841 359 1906 efficere
381 1845 418 1906 ut
440 1843 609 1927 probemus
625 1844 658 1906 id
679 1845 764 1926 quod
785 1865 894 1907 verum
917 1843 960 1906 sit
978 1864 1036 1906 nec
1052 1844 1160 1906 tamen
1182 1843 1335 1906 videatur.
1357 1839 1432 1905 Non

238 1947 329 2011 video
361 1948 438 2031 quid
469 1948 528 2013 hoc
559 1948 675 2013 habeat
705 1948 825 2032 probri.
851 1947 954 2013 Immo
979 1970 1136 2013 summam
1160 1948 1286 2012 laudem
1310 1969 1432 2031 semper

237 2055 371 2119 assecuti
391 2058 467 2119 sant
478 2056 560 2140 siqui
573 2077 740 2120 causarum
752 2056 880 2139 patroni
893 2056 1098 2119 innocentem
1110 2054 1320 2119 ostenderunt
1331 2074 1431 2130 reum,

238 2183 331 2246 quem
355 2182 466 2226 omnes
489 2184 538 2226 res
557 2165 593 2225 ut
613 2184 705 2245 saepe
723 2162 761 2226 fit
780 2164 982 2239 accusarent,
1003 2164 1061 2224 aut
1079 2182 1187 2237 reum,
1208 2182 1301 2245 quern
1326 2159 1432 2223 omnia

237 2267 455 2350 absolverent,
481 2268 606 2333 sceleris
629 2268 838 2333 commearunt
851 2269 886 2352 ³).

282 2372 373 2438 Nihil
396 2374 498 2458 igitur
516 2374 708 2459 Protagoras
728 2396 760 2438 se
782 2375 894 2439 dooere
906 2374 1064 2459 professus
1076 2376 1125 2437 est
1137 2373 1199 2437 nisi
1211 2372 1366 2457 optimam
1380 2394 1431 2436 ar-

236 2482 300 2542 tem
323 2479 457 2544 dicendi.
482 2478 586 2544 Nemo
609 2480 752 2564 profecto
773 2480 907 2564 negabit
926 2502 995 2544 eam
1016 2482 1116 2543 artem
1130 2500 1196 2543 non
1208 2478 1311 2543 solum
1324 2478 1431 2562 pemi-

236 2585 442 2650 eiosissimam
462 2608 529 2651 esse
548 2608 639 2672 posse
659 2590 713 2650 sed
734 2587 830 2650 etiarn
853 2608 946 2670 saepe
969 2586 1179 2671 perniciosam
1201 2583 1315 2669 fuisee3
1335 2606 1432 2669 qnare

135 2755 137 2759 ,
236 2691 320 2754 idem
356 2691 416 2755 hoc
452 2692 572 2757 crimen
616 2692 749 2757 Isocrati
784 2692 917 2776 aliisque
963 2692 1140 2757 rhetoricae
1175 2692 1432 2776 praeceptoribus

235 2795 360 2859 illatum
388 2801 446 2861 est.
478 2797 537 2863 Sed
568 2799 639 2883 jure
670 2796 806 2881 Gorgias
839 2798 906 2882 ipse
936 2798 1032 2883 (Plat.
1067 2796 1165 2882 Gorg.
1190 2818 1244 2881 pg.
1268 2796 1431 2881 stand)

234 2902 350 2967 acriter
371 2903 473 2968 instat
496 2926 535 2967 ne
559 2904 629 2989 quis
653 2906 721 2969 arte
745 2904 913 2982 abutatur,
935 2907 1071 2989 apteque
1094 2904 1227 2989 exponit
1252 2903 1335 2968 hane
1365 2924 1432 2967 nou

269 3139 296 3203 1)
313 3139 385 3189 Rhet.
403 3140 439 3187 ll.
457 3140 498 3189 24.

235 3248 237 3251 ·
268 3221 295 3281 2)
314 3222 380 3271 Non:
401 3222 519 3285 quomodo
536 3237 606 3270 musa
623 3222 779 3280 deterior,
797 3222 846 3270 cire
864 3222 889 3270 id
906 3223 970 3285 quod
987 3221 1102 3271 ieleum
1118 3225 1168 3281 est,
1185 3220 1281 3287 probari
1294 3222 1376 3287 poeeIt.
1395 3222 1430 3272 ab

234 3301 304 3350 initio
326 3302 369 3351 illa
389 3302 460 3351 verba
477 3303 590 3351 videntur
607 3303 657 3352 aire
665 3307 764 3369 propter
773 3304 934 3367 ignorantiam
943 3303 992 3351 eive
1001 3304 1029 3351 de
1038 3303 1157 3353 industria
1166 3320 1291 3369 perperam
1300 3320 1348 3353 eeee
1357 3306 1431 3370 expli·

208 3386 210 3390 '
233 3386 296 3442 cata;
325 3384 407 3440 ἥττων
433 3385 496 3433 euim
520 3401 649 3449 numquam
671 3385 818 3449 significabat
840 3402 868 3434 eo
884 3389 991 3450 tempore
1015 3386 1171 3442 deterIor,
1194 3388 1234 3435 sed
1257 3387 1430 3447 infirmior,

233 3467 401 3532 Unusquisque
416 3467 489 3516 'videt
511 3470 627 3531 quantum
648 3468 744 3517 intersit
762 3472 845 3517 utrum
861 3468 938 3517 dieas:
953 3484 1047 3517 aeneam
1064 3469 1207 3518 deteriorem
1224 3485 1254 3517 aa
1271 3469 1431 3519 infirmiorem

232 3550 330 3598 reddere
351 3549 506 3614 superiorem.
531 3550 619 3599 Nescio
642 3566 672 3598 an
696 3550 816 3599 Zellerurn
839 3550 974 3599 differentia
987 3550 1085 3613 fugerit.
1110 3551 1152 3599 Ait
1169 3551 1220 3615 (pg.
1240 3551 1304 3603 1017
1322 3554 1372 3601 not.
1392 3552 1430 3613 2)·-

235 3632 292 3679 ‚der
310 3630 392 3686 ἥττων
411 3632 486 3693 λόγος
506 3630 537 3679 iet
556 3632 593 3680 die
611 3633 656 3680 den
674 3632 803 3687 Griinden.
828 3633 889 3680 und
906 3632 1000 3680 eomit
1016 3633 1081 3681 dem
1098 3633 1218 3682 Rechte
1234 3634 1325 3690 nach,
1343 3633 1431 3683 sehet·

231 3714 302 3761 chere
320 3714 407 3772 Sache,
425 3713 513 3762 welche
528 3714 604 3762 durch
619 3713 656 3761 die
674 3715 752 3762 Kunet
768 3715 807 3762 des
822 3714 929 3762 Reddere
942 3715 1161 3778 ettrhergemecht
1175 3716 1269 3763 werden
1283 3712 1352 3763 eoll”.
1363 3716 1430 3764 Haec

231 3796 352 3845 conclusio
369 3796 450 3844 talea
466 3799 513 3854 est;
531 3794 613 3851 ἥττων
628 3796 704 3857 λόγος
720 3799 756 3845 est
770 3812 840 3844 censa
857 3797 1054 3859 argumentIe
1070 3797 1249 3856 infirmior,
1267 3797 1429 3860 ergodefeneu

231 3877 350 3926 difficilior
372 3880 396 3926 ct
420 3877 523 3942 specie
546 3880 641 3925 tanturn
665 3877 766 3926 interior
786 3893 834 3925 non
848 3875 922 3939 jure
940 3879 981 3942 (cf.
1001 3878 1064 3928 Plat.
1083 3880 1157 3943 Gorg.
1174 3895 1206 3945 pg
1232 3879 1281 3932 471
1291 3880 1336 3943 ll),
1354 3895 1429 3943 neque

231 3958 368 4025 Xenophon
393 3960 449 4007 Oec.
475 3959 503 4008 Il
528 3959 559 4007 25
587 3959 658 4007 verba
682 3960 829 4023 Protagorae
847 3958 903 4021 jure
920 3960 1094 4026 interpretatus
1111 3965 1158 4011 est:
1177 3962 1208 4009 τὸ
1226 3958 1317 4020 ψεῦδος
1338 3960 1428 4019 ἀληθὲς

230 4042 307 4088 ποιεῖν
317 4076 389 4096 .....
406 4055 482 4105 neque
500 4040 671 4105 Aristophanes
686 4040 712 4089 in
730 4040 840 4090 Nubibus
860 4042 905 4091 112
923 4058 972 4107 eqq.
992 4042 1040 4094 art
1059 4060 1093 4107 eq.
1111 4043 1220 4108 882eqq.
1241 4042 1429 4093 umitboehefter

234 4121 419 4179 Deutlichkeit”,
427 4127 454 4173 ut
463 4124 498 4172 ait
507 4124 591 4183 Zeller,
601 4125 641 4173 eed
649 4124 754 4188 maligna
772 4124 884 4173 fraude
901 4126 939 4174 rel
955 4142 1066 4175 errore
1083 4125 1429 4188 τὸνῆττονωλόγονωωνινίτ

230 4206 256 4254 in
282 4202 365 4253 ἥδννον
392 4207 473 4268 λόγον.
499 4207 608 4255 Prlrnum
632 4207 696 4255 enirn
722 4208 751 4255 ad
769 4207 864 4263 ἥττονα
882 4209 958 4269 λόγον
981 4209 1018 4256 de
1035 4224 1094 4257 eno
1117 4208 1193 4257 addit:
1219 4206 1331 4273 λέγοντα
1356 4204 1426 4257 rdde-

230 4284 339 4349 νεώτερα,
365 4303 420 4337 mox
442 4304 501 4352 quoe
523 4289 615 4350 λόγους
638 4288 786 4353 disputantes
808 4289 901 4338 inducit
923 4290 1065 4355 simpliciter
1088 4294 1156 4339 vocet
1179 4287 1271 4338 δίκαιον
1294 4294 1319 4338 et
1335 4287 1426 4337 ἄδικον.

230 4370 276 4419 Hie
293 4368 416 4420 fraudibus
433 4371 483 4419 siue
502 4369 573 4419 dubio
590 4370 679 4421 lactum
697 4375 732 4421 ert
750 4376 778 4419 ut
797 4387 891 4436 semper
908 4372 1086 4421 confundantur
1102 4372 1185 4428 ἥττων
1203 4375 1227 4420 et
1245 4369 1336 4429 ἄδικος.
1355 4372 1426 4421 Plato

229 4467 286 4501 vero
304 4452 332 4500 da
348 4451 393 4501 hoe
410 4453 557 4516 Protagorae
573 4452 689 4519 promisso
707 4469 804 4519 prorsus
822 4457 892 4503 tacet.
1065 4513 1068 4517 Δ

265 4534 291 4599 3)
308 4536 382 4584 Grote
392 4538 469 4584 totam
479 4534 643 4597 quaestionem
656 4550 781 4601 perperam
792 4535 924 4599 judicarit,
940 4536 1039 4600 ideoque
1053 4552 1108 4585 aum
1122 4536 1200 4585 heller
1214 4535 1283 4585 troila
1300 4536 1424 4585 refutarit.
