3250 5217
741 410 801 473 169

163 590 326 656 Euadnen
359 588 520 655 Electram
551 588 749 675 Antigonam
779 590 1000 675 instigaverit,
1030 611 1096 654 non
1120 611 1200 674 opus
1224 611 1291 655 esse
1313 591 1362 655 vi-

163 698 261 762 detur
281 699 319 761 ut
337 695 425 761 illam
447 696 562 761 amoris
583 696 784 781 disciplinam
805 698 846 763 ab
866 694 1361 781 aliquadoctrinaphilosophica

163 806 359 887 repetamus.

214 908 336 984 Quibus
358 908 522 992 perpensis
545 931 658 993 parum
683 909 761 973 mihi
781 932 800 974 a
820 930 895 974 vero
914 909 1061 973 aberrare
1079 908 1189 976 videor
1207 908 1235 972 si
1253 910 1360 973 statuo

164 1014 354 1099 Euripidem
385 1014 543 1081 eensnisse
575 1014 746 1099 unicuique
770 1016 809 1079 ad
833 1015 999 1080 colendam
1022 1014 1173 1079 virtutem
1196 1013 1362 1098 ingenium

165 1120 343 1205 plurimum
367 1119 489 1198 valere,
514 1140 649 1204 eumque
672 1122 767 1187 semel
791 1124 920 1185 tantum
943 1120 1059 1185 dixisse
1083 1120 1233 1183 virtutem
1257 1140 1360 1203 quan·

166 1228 244 1292 dam
263 1226 464 1293 institutione
485 1228 673 1311 comparari.
697 1227 785 1312 Ergo
808 1250 909 1311 neque
928 1228 963 1292 in
982 1226 1216 1311 haerensque
1235 1226 1269 1289 in
1290 1224 1361 1289 aliis
1395 1229 1397 1232 ’

165 1335 303 1400 indicari
326 1336 432 1419 potest
454 1355 548 1418 quem
571 1334 712 1399 fructum
736 1334 974 1419 ephilosophia
991 1333 1153 1400 Socratica
1168 1331 1344 1417 perceperit
1351 1352 1360 1409 ;

165 1442 312 1526 sequitur
340 1444 376 1504 ut
394 1440 433 1504 de
452 1440 522 1523 ipsa
542 1462 667 1525 quoque
687 1461 796 1505 eorum
817 1440 1048 1507 consuetudine
1063 1438 1220 1526 judicium
1239 1442 1361 1503 certum

166 1547 246 1611 ferri
268 1550 414 1632 nequeat.

669 1828 864 1839 ψ

624 2002 812 2087 CAPUT
834 2003 916 2085 ΠΙ.

597 2206 644 2255 DE
669 2204 753 2253 vm
778 2204 939 2255 PUBLIOA.

453 2350 471 2423 ἓ
497 2344 527 2408 1.
551 2344 602 2409 De
631 2342 722 2409 Cultu
746 2346 860 2429 inponit
880 2356 909 2407 ct
933 2344 1080 2429 corporis.

213 2497 359 2561 Breviter
390 2519 485 2581 supra
516 2504 582 2582 (pg.
620 2498 676 2581 20)
699 2496 855 2561 annotavi
873 2494 1058 2580 Euripidem
1080 2492 1221 2577 corporis
1240 2492 1363 2557 cultum

167 2603 291 2687 ingenii
322 2603 536 2687 praestantiae
567 2604 702 2667 multum
734 2602 965 2688 posthabuisse.
990 2599 1088 2666 Ouius
1106 2597 1283 2663 sententiae
1302 2598 1364 2661 tes·

167 2709 304 2773 timonis
327 2710 481 2793 quaedam
505 2709 666 2774 afferenda
690 2713 774 2774 sunt.
800 2708 941 2773 Maxime
963 2706 1127 2791 conspicui
1149 2706 1226 2769 sunt
1248 2702 1362 2767 duode-

167 2815 303 2901 triginta
332 2817 447 2881 senarii
471 2839 509 2882 ex
533 2816 692 2902 Autolyco
715 2818 856 2899 excerpti
879 2816 919 2881 ab
943 2815 1062 2879 Athen.
1088 2814 1134 2898 (Χ
1157 2833 1213 2897 pg.
1236 2810 1300 2875 431
1315 2811 1364 2895 e),

168 2924 284 3008 quibus
307 2924 480 3008 plaudente
503 2924 564 2988 hoc
588 2926 658 3009 ipso
679 2924 871 2988 athletarum
891 2943 993 3005 genus
1005 2921 1148 2985 omnium
1160 2940 1265 2984 rerum
1278 2939 1363 2981 sum·

36 3039 38 3046 '
169 3050 256 3092 mum
287 3029 405 3093 malum
439 3027 590 3093 Graeciae
620 3028 731 3093 afferre
755 3028 881 3093 dicitur.
916 3026 1009 3091 Nihil
1033 3026 1117 3090 enim
1142 3024 1282 3107 corporis
1305 3044 1361 3086 ex·

169 3135 370 3199 ercitationes
393 3135 516 3199 civitati
537 3137 699 3220 prodesse;
724 3135 895 3198 absurdum
916 3154 982 3197 esse
994 3131 1132 3197 Graecos
1142 3130 1256 3195 harum
1267 3151 1363 3193 causa

168 3243 357 3325 congregari
379 3240 577 3325 athletasque
598 3242 723 3307 coronis
744 3262 877 3316 ornare,
898 3262 996 3324 quum
1020 3238 1128 3323 potius
1150 3237 1211 3301 viri
1231 3234 1312 3321 justi
1331 3237 1365 3298 et

168 3368 316 3431 sagaces,
340 3347 396 3432 qui
420 3346 492 3411 lites
517 3350 549 3411 et
569 3348 701 3412 discidia
719 3350 929 3430 componant,
950 3343 1131 3408 honorandi
1143 3346 1257 3406 essent.
1271 3340 1364 3404 Prae·

167 3457 254 3518 terea
277 3454 312 3517 in
336 3454 458 3518 duabus
482 3452 600 3518 fabulis
623 3456 765 3538 tompore
784 3473 897 3537 parum
918 3450 1112 3515 distantibus
1132 3451 1227 3533 poeta
1246 3468 1363 3532 propo-

169 3559 233 3623 suit
252 3559 408 3643 imagines
429 3558 569 3623 virorum
589 3558 691 3623 forma
711 3560 950 3644 despectorum,
971 3556 1090 3621 virtute
1110 3554 1363 3638 conspicuorum.

98 3704 100 3707 -
168 3664 208 3729 In
230 3664 340 3730 Oreste
362 3664 448 3729 enim
468 3665 636 3750 descripsit
655 3665 756 3730 civem
777 3665 881 3729 forma
892 3666 926 3728 et
937 3663 1120 3728 conditione
1132 3660 1362 3741 humillimum,

123 3848 124 3851 Ἴ
168 3770 298 3855 ingenio
329 3771 657 3855 praestantissimum,
689 3772 724 3834 in
749 3770 904 3835 concione
926 3768 1064 3833 breviter
1086 3767 1183 3852 plane
1205 3767 1365 3850 sapientes

168 3876 266 3942 verba
297 3875 464 3940 facientem
489 3883 531 3953 (v.
556 3876 759 3960 917-929).
792 3876 829 3939 In
862 3874 991 3939 Electra
1014 3874 1166 3959 produxit
1185 3872 1365 3957 operarium

168 3982 277 4064 illum,
297 3981 459 4047 hominem
479 4004 598 4047 novum
616 3983 651 4046 in
671 3983 794 4068 pulpito
815 3982 955 4067 tragico,
978 3982 1080 4045 virum
1100 3980 1233 4045 eximiae
1245 3984 1364 4059 σωφρο-

170 4088 278 4166 σύνης,
306 4110 400 4173 quem
427 4088 562 4152 laudans
577 4086 716 4153 'Orestes
744 4089 822 4153 dicit
848 4088 925 4167 (385
949 4089 1032 4173 sqq.)
1064 4086 1194 4170 ingenio
1218 4085 1364 4150 homines

170 4194 383 4258 'aestimandos
403 4214 488 4271 esse,
510 4213 643 4277 corpora
663 4215 737 4258 vero
758 4197 865 4258 mente
886 4194 1040 4257 destituta
1062 4192 1194 4256 nonnisi
1217 4192 1278 4255 lori
1298 4211 1365 4254 esse

159 4304 359 4363 'ornamenta
383 4298 571 4385 (ἀγάλματ’
584 4300 715 4385 ἀγορᾶς)
726 4320 733 4377 ;
759 4321 825 4363 non
850 4299 935 4363 enim
955 4297 1086 4363 brachia
1106 4298 1238 4362 robusta
1251 4296 1364 4360 melius

140 4447 143 4454 -
169 4426 265 4489 quam
289 4404 419 4469 infirma
443 4404 568 4469 hastam
593 4405 751 4491 excipere,
777 4427 885 4469 verum
910 4404 942 4467 id
969 4406 1073 4467 totum
1093 4404 1233 4489 positum
1252 4425 1319 4467 osso
1331 4404 1366 4467 in

169 4511 276 4576 indole
307 4516 339 4576 et
370 4512 470 4575 animi
502 4510 699 4576 fortitudine.
732 4510 897 4595 Amphion
928 4510 962 4574 in
986 4508 1127 4595 Antiopa
1153 4510 1251 4575 vitam
1268 4498 1364 4574 'suam
