<?xml version="1.0" encoding="UTF-8"?>
<!DOCTYPE html PUBLIC "-//W3C//DTD XHTML 1.0 Transitional//EN"
    "http://www.w3.org/TR/xhtml1/DTD/xhtml1-transitional.dtd">
<html xmlns="http://www.w3.org/1999/xhtml" xml:lang="en" lang="en">
 <head>
  <title>
</title>
<meta http-equiv="Content-Type" content="text/html;charset=utf-8" />
  <meta name='ocr-system' content='tesseract 3.04.00' />
  <meta name='ocr-capabilities' content='ocr_page ocr_carea ocr_par ocr_line ocrx_word'/>
</head>
<body>
  <div class='ocr_page' id='page_1' title='image "./commentatiodeeu00unkngoog_0141.png"; bbox 0 0 3250 5217; ppageno 0'>
   <div class='ocr_carea' id='block_1_1' title="bbox 727 447 790 511">
    <p class='ocr_par' dir='ltr' id='par_1_1' title="bbox 727 447 790 511">
     <span class='ocr_line' id='line_1_1' title="bbox 727 447 790 511; baseline 0 0"><span class='ocrx_word' id='word_1_1' title='bbox 727 447 790 511; x_wconf 81' lang='lat'>129</span> 
     </span>
    </p>
   </div>
   <div class='ocr_carea' id='block_1_2' title="bbox 161 627 1355 2629">
    <p class='ocr_par' dir='ltr' id='par_1_2' title="bbox 268 627 1250 820">
     <span class='ocr_line' id='line_1_2' title="bbox 268 627 994 713; baseline -0.006 -18"><span class='ocrx_word' id='word_1_2' title='bbox 268 633 302 695; x_wconf 81' lang='lat' dir='ltr'>rt</span> <span class='ocrx_word' id='word_1_3' title='bbox 326 638 491 713; x_wconf 71' lang='grc' dir='ltr'><strong><em>σωφρονεῖν</em></strong></span> <span class='ocrx_word' id='word_1_4' title='bbox 515 630 546 695; x_wconf 78' lang='grc' dir='ltr'>δὲ</span> <span class='ocrx_word' id='word_1_5' title='bbox 570 627 622 693; x_wconf 74' lang='lat' dir='ltr'>sal</span> <span class='ocrx_word' id='word_1_6' title='bbox 647 628 752 708; x_wconf 79' lang='grc' dir='ltr'><strong><em>σεβεῒν</em></strong></span> <span class='ocrx_word' id='word_1_7' title='bbox 775 628 819 692; x_wconf 73' lang='grc' dir='ltr'>τὰ</span> <span class='ocrx_word' id='word_1_8' title='bbox 842 635 901 691; x_wconf 79' lang='grc' dir='ltr'>τῶν</span> <span class='ocrx_word' id='word_1_9' title='bbox 925 630 994 705; x_wconf 70' lang='grc' dir='ltr'>θεῶν</span> 
     </span>
     <span class='ocr_line' id='line_1_3' title="bbox 268 732 1250 820; baseline -0.003 -17"><span class='ocrx_word' id='word_1_10' title='bbox 268 738 437 803; x_wconf 72' lang='grc' dir='ltr'><strong><em>κάλλιστον</em></strong></span> <span class='ocrx_word' id='word_1_11' title='bbox 459 732 544 814; x_wconf 71' lang='grc' dir='ltr'><strong><em>οἶμαι</em></strong></span> <span class='ocrx_word' id='word_1_12' title='bbox 569 740 658 801; x_wconf 79' lang='grc' dir='ltr'><strong><em>τοῦτο</em></strong></span> <span class='ocrx_word' id='word_1_13' title='bbox 682 734 735 799; x_wconf 71' lang='lat' dir='ltr'>sal</span> <span class='ocrx_word' id='word_1_14' title='bbox 759 733 951 815; x_wconf 72' lang='grc' dir='ltr'><strong><em>σοφώτατον.</em></strong></span> <span class='ocrx_word' id='word_1_15' title='bbox 976 734 1053 820; x_wconf 83' lang='lat' dir='ltr'>(vid.</span> <span class='ocrx_word' id='word_1_16' title='bbox 1079 754 1133 819; x_wconf 84' lang='lat' dir='ltr'>pg.</span> <span class='ocrx_word' id='word_1_17' title='bbox 1161 733 1250 820; x_wconf 82' lang='lat'><strong>127).</strong></span> 
     </span>
    </p>

    <p class='ocr_par' dir='ltr' id='par_1_3' title="bbox 204 838 1352 928">
     <span class='ocr_line' id='line_1_4' title="bbox 204 838 1352 928; baseline -0.005 -19"><span class='ocrx_word' id='word_1_18' title='bbox 204 843 292 920; x_wconf 80' lang='lat' dir='ltr'>Quod</span> <span class='ocrx_word' id='word_1_19' title='bbox 322 845 407 910; x_wconf 86' lang='lat' dir='ltr'>idern</span> <span class='ocrx_word' id='word_1_20' title='bbox 433 844 484 908; x_wconf 89' lang='lat' dir='ltr'>his</span> <span class='ocrx_word' id='word_1_21' title='bbox 506 863 633 928; x_wconf 90' lang='lat' dir='ltr'>quoque</span> <span class='ocrx_word' id='word_1_22' title='bbox 656 840 760 906; x_wconf 87' lang='lat' dir='ltr'>verbis</span> <span class='ocrx_word' id='word_1_23' title='bbox 785 841 958 925; x_wconf 70' lang='lat' dir='ltr'><strong>expressit,</strong></span> <span class='ocrx_word' id='word_1_24' title='bbox 983 840 1098 925; x_wconf 90' lang='lat' dir='ltr'>quibus</span> <span class='ocrx_word' id='word_1_25' title='bbox 1120 838 1262 924; x_wconf 80' lang='lat' dir='ltr'>proferto</span> <span class='ocrx_word' id='word_1_26' title='bbox 1285 860 1352 904; x_wconf 91' lang='lat' dir='ltr'>non</span> 
     </span>
    </p>

    <p class='ocr_par' dir='ltr' id='par_1_4' title="bbox 161 946 932 1038">
     <span class='ocr_line' id='line_1_5' title="bbox 161 946 932 1038; baseline -0.004 -24"><span class='ocrx_word' id='word_1_27' title='bbox 161 950 304 1035; x_wconf 89' lang='lat' dir='ltr'>antiquae</span> <span class='ocrx_word' id='word_1_28' title='bbox 327 950 402 1038; x_wconf 83' lang='lat' dir='ltr'>fidei</span> <span class='ocrx_word' id='word_1_29' title='bbox 427 949 504 1015; x_wconf 82' lang='lat' dir='ltr'>civis</span> <span class='ocrx_word' id='word_1_30' title='bbox 528 971 605 1013; x_wconf 91' lang='lat' dir='ltr'>usus</span> <span class='ocrx_word' id='word_1_31' title='bbox 628 947 742 1027; x_wconf 88' lang='lat' dir='ltr'>fuisset</span> <span class='ocrx_word' id='word_1_32' title='bbox 765 946 807 1032; x_wconf 84' lang='lat' dir='ltr'>(v.</span> <span class='ocrx_word' id='word_1_33' title='bbox 837 947 932 1032; x_wconf 85' lang='lat'><strong>890):</strong></span> 
     </span>
    </p>

    <p class='ocr_par' dir='ltr' id='par_1_5' title="bbox 923 1053 956 1118">
     <span class='ocr_line' id='line_1_6' title="bbox 923 1053 956 1118; baseline 0.03 -1"><span class='ocrx_word' id='word_1_34' title='bbox 923 1053 956 1118; x_wconf 77' lang='grc' dir='ltr'>οὗ</span> 
     </span>
    </p>

    <p class='ocr_par' dir='ltr' id='par_1_6' title="bbox 424 1159 1061 1879">
     <span class='ocr_line' id='line_1_7' title="bbox 427 1159 951 1245; baseline -0.011 -16"><span class='ocrx_word' id='word_1_35' title='bbox 427 1165 491 1244; x_wconf 71' lang='grc' dir='ltr'>γὰρ</span> <span class='ocrx_word' id='word_1_36' title='bbox 514 1160 649 1245; x_wconf 71' lang='grc' dir='ltr'>κρεῖσσόν</span> <span class='ocrx_word' id='word_1_37' title='bbox 673 1185 749 1226; x_wconf 75' lang='grc' dir='ltr'>ποτε</span> <span class='ocrx_word' id='word_1_38' title='bbox 772 1167 831 1225; x_wconf 78' lang='grc' dir='ltr'>τῶν</span> <span class='ocrx_word' id='word_1_39' title='bbox 855 1159 951 1238; x_wconf 72' lang='grc' dir='ltr'><strong><em>νόμων</em></strong></span> 
     </span>
     <span class='ocr_line' id='line_1_8' title="bbox 428 1267 944 1350; baseline -0.008 -16"><span class='ocrx_word' id='word_1_40' title='bbox 428 1268 610 1348; x_wconf 71' lang='grc' dir='ltr'><strong><em>γιγνώσκειν</em></strong></span> <span class='ocrx_word' id='word_1_41' title='bbox 633 1267 694 1350; x_wconf 63' lang='grc' dir='ltr'>χρὴ</span> <span class='ocrx_word' id='word_1_42' title='bbox 718 1267 769 1332; x_wconf 76' lang='lat' dir='ltr'>sal</span> <span class='ocrx_word' id='word_1_43' title='bbox 794 1267 944 1343; x_wconf 70' lang='grc' dir='ltr'><strong><em>μελετᾶν.</em></strong></span> 
     </span>
     <span class='ocr_line' id='line_1_9' title="bbox 424 1369 1061 1454; baseline -0.009 -13"><span class='ocrx_word' id='word_1_44' title='bbox 424 1376 559 1453; x_wconf 77' lang='grc' dir='ltr'><strong><em>κούφαν</em></strong></span> <span class='ocrx_word' id='word_1_45' title='bbox 584 1375 662 1454; x_wconf 72' lang='grc' dir='ltr'>γὰρ</span> <span class='ocrx_word' id='word_1_46' title='bbox 687 1374 849 1439; x_wconf 66' lang='lat' dir='ltr'>tardus</span> <span class='ocrx_word' id='word_1_47' title='bbox 873 1369 1061 1452; x_wconf 75' lang='grc' dir='ltr'><strong><em>νομίζειν</em></strong></span> 
     </span>
     <span class='ocr_line' id='line_1_10' title="bbox 429 1478 805 1562; baseline -0.013 -14"><span class='ocrx_word' id='word_1_48' title='bbox 429 1482 549 1562; x_wconf 76' lang='grc' dir='ltr'><strong><em>ἰσχὺν</em></strong></span> <span class='ocrx_word' id='word_1_49' title='bbox 572 1481 650 1546; x_wconf 71' lang='grc' dir='ltr'>τόδ’</span> <span class='ocrx_word' id='word_1_50' title='bbox 673 1478 805 1561; x_wconf 80' lang='grc' dir='ltr'><strong><em>ἔχειν,</em></strong></span> 
     </span>
     <span class='ocr_line' id='line_1_11' title="bbox 428 1585 1030 1668; baseline -0.008 -15"><span class='ocrx_word' id='word_1_51' title='bbox 428 1585 503 1653; x_wconf 73' lang='grc' dir='ltr'>ὅτι</span> <span class='ocrx_word' id='word_1_52' title='bbox 527 1586 610 1653; x_wconf 77' lang='grc' dir='ltr'>ποτ’</span> <span class='ocrx_word' id='word_1_53' title='bbox 636 1586 711 1668; x_wconf 71' lang='grc' dir='ltr'>ἄρα</span> <span class='ocrx_word' id='word_1_54' title='bbox 735 1587 777 1651; x_wconf 78' lang='grc' dir='ltr'>τὸ</span> <span class='ocrx_word' id='word_1_55' title='bbox 801 1585 1030 1663; x_wconf 70' lang='grc' dir='ltr'><strong><em>δαιμόνιον,</em></strong></span> 
     </span>
     <span class='ocr_line' id='line_1_12' title="bbox 428 1693 822 1775; baseline -0.01 -16"><span class='ocrx_word' id='word_1_56' title='bbox 428 1694 465 1759; x_wconf 75' lang='grc' dir='ltr'>τό</span> <span class='ocrx_word' id='word_1_57' title='bbox 487 1696 517 1758; x_wconf 76' lang='grc' dir='ltr'>τ’</span> <span class='ocrx_word' id='word_1_58' title='bbox 541 1694 572 1758; x_wconf 80' lang='grc' dir='ltr'>ἓν</span> <span class='ocrx_word' id='word_1_59' title='bbox 594 1694 691 1775; x_wconf 72' lang='grc' dir='ltr'><strong><em>χρόνῳ</em></strong></span> <span class='ocrx_word' id='word_1_60' title='bbox 715 1693 822 1773; x_wconf 71' lang='grc' dir='ltr'><strong><em>μιιιιρξι</em></strong></span> 
     </span>
     <span class='ocr_line' id='line_1_13' title="bbox 429 1797 979 1879; baseline 0 -16"><span class='ocrx_word' id='word_1_61' title='bbox 429 1798 554 1877; x_wconf 73' lang='grc' dir='ltr'><strong><em>νόμιμον</em></strong></span> <span class='ocrx_word' id='word_1_62' title='bbox 578 1799 626 1863; x_wconf 70' lang='grc' dir='ltr'>ἀεὶ</span> <span class='ocrx_word' id='word_1_63' title='bbox 651 1800 745 1879; x_wconf 80' lang='grc' dir='ltr'><strong><em>Φύσει</em></strong></span> <span class='ocrx_word' id='word_1_64' title='bbox 768 1821 804 1861; x_wconf 82' lang='grc' dir='ltr'>τε</span> <span class='ocrx_word' id='word_1_65' title='bbox 829 1797 979 1875; x_wconf 69' lang='grc' dir='ltr'>πεφυκός.</span> 
     </span>
    </p>

    <p class='ocr_par' dir='ltr' id='par_1_7' title="bbox 162 1902 1355 2309">
     <span class='ocr_line' id='line_1_14' title="bbox 203 1902 1354 1993; baseline -0.006 -20"><span class='ocrx_word' id='word_1_66' title='bbox 203 1907 290 1993; x_wconf 81' lang='lat' dir='ltr'>Age,</span> <span class='ocrx_word' id='word_1_67' title='bbox 325 1907 448 1992; x_wconf 89' lang='lat' dir='ltr'>inquit,</span> <span class='ocrx_word' id='word_1_68' title='bbox 484 1906 558 1970; x_wconf 90' lang='lat' dir='ltr'>deos</span> <span class='ocrx_word' id='word_1_69' title='bbox 592 1905 777 1979; x_wconf 78' lang='lat' dir='ltr'>adoremur3</span> <span class='ocrx_word' id='word_1_70' title='bbox 811 1902 922 1988; x_wconf 88' lang='lat' dir='ltr'>utique</span> <span class='ocrx_word' id='word_1_71' title='bbox 956 1904 1117 1987; x_wconf 79' lang='lat' dir='ltr'>praestat3</span> <span class='ocrx_word' id='word_1_72' title='bbox 1149 1902 1260 1968; x_wconf 88' lang='lat' dir='ltr'>levis</span> <span class='ocrx_word' id='word_1_73' title='bbox 1290 1904 1354 1967; x_wconf 89' lang='lat' dir='ltr'>est</span> 
     </span>
     <span class='ocr_line' id='line_1_15' title="bbox 162 2008 1352 2095; baseline -0.003 -18"><span class='ocrx_word' id='word_1_74' title='bbox 162 2013 299 2091; x_wconf 84' lang='lat' dir='ltr'>labor,</span> <span class='ocrx_word' id='word_1_75' title='bbox 340 2013 451 2077; x_wconf 86' lang='lat' dir='ltr'>illud</span> <span class='ocrx_word' id='word_1_76' title='bbox 494 2012 639 2095; x_wconf 82' lang='lat' dir='ltr'>vigere</span> <span class='ocrx_word' id='word_1_77' title='bbox 681 2013 832 2095; x_wconf 84' lang='lat' dir='ltr'>putare</span> <span class='ocrx_word' id='word_1_78' title='bbox 874 2008 1168 2094; x_wconf 80' lang='lat' dir='ltr'>qualecunque</span> <span class='ocrx_word' id='word_1_79' title='bbox 1202 2030 1352 2073; x_wconf 89' lang='lat' dir='ltr'>numen</span> 
     </span>
     <span class='ocr_line' id='line_1_16' title="bbox 163 2113 1355 2202; baseline -0.004 -19"><span class='ocrx_word' id='word_1_80' title='bbox 163 2113 366 2195; x_wconf 86' lang='lat' dir='ltr'>divinum,</span> <span class='ocrx_word' id='word_1_81' title='bbox 385 2118 604 2202; x_wconf 76' lang='lat' dir='ltr'>legemque</span> <span class='ocrx_word' id='word_1_82' title='bbox 631 2116 758 2200; x_wconf 88' lang='lat' dir='ltr'>longo</span> <span class='ocrx_word' id='word_1_83' title='bbox 784 2116 974 2199; x_wconf 90' lang='lat' dir='ltr'>tempore</span> <span class='ocrx_word' id='word_1_84' title='bbox 997 2119 1290 2180; x_wconf 77' lang='lat' dir='ltr'>consecratam</span> <span class='ocrx_word' id='word_1_85' title='bbox 1314 2117 1355 2180; x_wconf 92' lang='lat' dir='ltr'>et</span> 
     </span>
     <span class='ocr_line' id='line_1_17' title="bbox 162 2223 758 2309; baseline -0.003 -22"><span class='ocrx_word' id='word_1_86' title='bbox 162 2224 249 2309; x_wconf 86' lang='lat' dir='ltr'>ipsa</span> <span class='ocrx_word' id='word_1_87' title='bbox 280 2225 433 2289; x_wconf 85' lang='lat' dir='ltr'>natura</span> <span class='ocrx_word' id='word_1_88' title='bbox 466 2223 758 2289; x_wconf 82' lang='lat' dir='ltr'>constitutam.</span> 
     </span>
    </p>

    <p class='ocr_par' dir='ltr' id='par_1_8' title="bbox 161 2327 1354 2629">
     <span class='ocr_line' id='line_1_18' title="bbox 208 2327 1353 2411; baseline -0.004 -15"><span class='ocrx_word' id='word_1_89' title='bbox 208 2330 251 2397; x_wconf 90' lang='lat' dir='ltr'>Ut</span> <span class='ocrx_word' id='word_1_90' title='bbox 274 2352 341 2395; x_wconf 89' lang='lat' dir='ltr'>non</span> <span class='ocrx_word' id='word_1_91' title='bbox 365 2350 459 2395; x_wconf 90' lang='lat' dir='ltr'>nemo</span> <span class='ocrx_word' id='word_1_92' title='bbox 479 2332 589 2394; x_wconf 84' lang='lat' dir='ltr'>nostra</span> <span class='ocrx_word' id='word_1_93' title='bbox 614 2330 736 2406; x_wconf 83' lang='lat' dir='ltr'>aetate,</span> <span class='ocrx_word' id='word_1_94' title='bbox 761 2328 900 2393; x_wconf 87' lang='lat' dir='ltr'>defessus</span> <span class='ocrx_word' id='word_1_95' title='bbox 923 2327 1022 2411; x_wconf 87' lang='lat' dir='ltr'>longa</span> <span class='ocrx_word' id='word_1_96' title='bbox 1040 2331 1072 2392; x_wconf 88' lang='lat' dir='ltr'>et</span> <span class='ocrx_word' id='word_1_97' title='bbox 1090 2327 1200 2393; x_wconf 89' lang='lat' dir='ltr'>inutili</span> <span class='ocrx_word' id='word_1_98' title='bbox 1218 2330 1353 2393; x_wconf 83' lang='lat' dir='ltr'>eonten-</span> 
     </span>
     <span class='ocr_line' id='line_1_19' title="bbox 161 2433 1354 2519; baseline -0.003 -17"><span class='ocrx_word' id='word_1_99' title='bbox 161 2438 246 2503; x_wconf 90' lang='lat' dir='ltr'>tione</span> <span class='ocrx_word' id='word_1_100' title='bbox 277 2440 408 2501; x_wconf 86' lang='lat' dir='ltr'>tandem</span> <span class='ocrx_word' id='word_1_101' title='bbox 431 2435 590 2501; x_wconf 75' lang='lat' dir='ltr'>intellexit</span> <span class='ocrx_word' id='word_1_102' title='bbox 613 2437 773 2519; x_wconf 84' lang='lat' dir='ltr'>praestare</span> <span class='ocrx_word' id='word_1_103' title='bbox 794 2434 981 2518; x_wconf 80' lang='lat' dir='ltr'>religionem</span> <span class='ocrx_word' id='word_1_104' title='bbox 1006 2433 1057 2499; x_wconf 88' lang='lat' dir='ltr'>vel</span> <span class='ocrx_word' id='word_1_105' title='bbox 1080 2433 1298 2519; x_wconf 78' lang='lat' dir='ltr'>imperfectam</span> <span class='ocrx_word' id='word_1_106' title='bbox 1321 2436 1354 2499; x_wconf 89' lang='lat' dir='ltr'>et</span> 
     </span>
     <span class='ocr_line' id='line_1_20' title="bbox 162 2542 724 2629; baseline -0.011 -18"><span class='ocrx_word' id='word_1_107' title='bbox 162 2545 305 2611; x_wconf 80' lang='lat' dir='ltr'>vitiosam</span> <span class='ocrx_word' id='word_1_108' title='bbox 329 2544 446 2609; x_wconf 90' lang='lat' dir='ltr'>habere</span> <span class='ocrx_word' id='word_1_109' title='bbox 468 2566 563 2629; x_wconf 92' lang='lat' dir='ltr'>quam</span> <span class='ocrx_word' id='word_1_110' title='bbox 590 2542 724 2607; x_wconf 87' lang='lat' dir='ltr'>nullam.</span> 
     </span>
    </p>
   </div>
   <div class='ocr_carea' id='block_1_3' title="bbox 589 3147 929 3233">
    <p class='ocr_par' dir='ltr' id='par_1_9' title="bbox 589 3147 929 3233">
     <span class='ocr_line' id='line_1_21' title="bbox 589 3147 929 3233; baseline 0 -1"><span class='ocrx_word' id='word_1_111' title='bbox 589 3148 776 3232; x_wconf 76' lang='lat' dir='ltr'><strong>CAPUT</strong></span> <span class='ocrx_word' id='word_1_112' title='bbox 804 3147 929 3233; x_wconf 88' lang='lat' dir='ltr'><strong>VIII.</strong></span> 
     </span>
    </p>
   </div>
   <div class='ocr_carea' id='block_1_4' title="bbox 416 3408 1099 3462">
    <p class='ocr_par' dir='ltr' id='par_1_10' title="bbox 416 3408 1099 3462">
     <span class='ocr_line' id='line_1_22' title="bbox 416 3408 1099 3462; baseline 0.001 -3"><span class='ocrx_word' id='word_1_113' title='bbox 416 3408 603 3459; x_wconf 79' lang='lat' dir='ltr'>OPINIONES</span> <span class='ocrx_word' id='word_1_114' title='bbox 629 3409 854 3462; x_wconf 74' lang='lat' dir='ltr'><strong>QUORUNDAM</strong></span> <span class='ocrx_word' id='word_1_115' title='bbox 880 3409 1099 3461; x_wconf 77' lang='lat' dir='ltr'><strong>AEQUALIUM.</strong></span> 
     </span>
    </p>
   </div>
   <div class='ocr_carea' id='block_1_5' title="bbox 162 3591 1361 4316">
    <p class='ocr_par' dir='ltr' id='par_1_11' title="bbox 162 3591 1361 4316">
     <span class='ocr_line' id='line_1_23' title="bbox 205 3591 1355 3679; baseline -0.002 -20"><span class='ocrx_word' id='word_1_116' title='bbox 205 3591 291 3659; x_wconf 78' lang='lat' dir='ltr'>Scire</span> <span class='ocrx_word' id='word_1_117' title='bbox 310 3594 443 3658; x_wconf 89' lang='lat' dir='ltr'>interest</span> <span class='ocrx_word' id='word_1_118' title='bbox 460 3594 537 3679; x_wconf 90' lang='lat' dir='ltr'>quid</span> <span class='ocrx_word' id='word_1_119' title='bbox 558 3594 764 3658; x_wconf 81' lang='lat' dir='ltr'>nobilissimis</span> <span class='ocrx_word' id='word_1_120' title='bbox 775 3593 957 3677; x_wconf 77' lang='lat' dir='ltr'>aequalium</span> <span class='ocrx_word' id='word_1_121' title='bbox 969 3593 1008 3657; x_wconf 86' lang='lat' dir='ltr'>de</span> <span class='ocrx_word' id='word_1_122' title='bbox 1019 3592 1133 3657; x_wconf 90' lang='lat' dir='ltr'>iisdem</span> <span class='ocrx_word' id='word_1_123' title='bbox 1145 3593 1239 3657; x_wconf 91' lang='lat' dir='ltr'>rebus</span> <span class='ocrx_word' id='word_1_124' title='bbox 1252 3592 1355 3657; x_wconf 82' lang='lat' dir='ltr'>visum</span> 
     </span>
     <span class='ocr_line' id='line_1_24' title="bbox 162 3698 1357 3765; baseline 0.003 -4"><span class='ocrx_word' id='word_1_125' title='bbox 162 3699 211 3762; x_wconf 90' lang='lat' dir='ltr'>sit.</span> <span class='ocrx_word' id='word_1_126' title='bbox 232 3699 380 3764; x_wconf 86' lang='lat' dir='ltr'>Vidimus</span> <span class='ocrx_word' id='word_1_127' title='bbox 402 3698 486 3764; x_wconf 83' lang='lat' dir='ltr'>oives</span> <span class='ocrx_word' id='word_1_128' title='bbox 505 3722 571 3765; x_wconf 89' lang='lat' dir='ltr'>non</span> <span class='ocrx_word' id='word_1_129' title='bbox 590 3722 663 3765; x_wconf 81' lang='lat' dir='ltr'>raro</span> <span class='ocrx_word' id='word_1_130' title='bbox 682 3700 820 3764; x_wconf 88' lang='lat' dir='ltr'>offensos</span> <span class='ocrx_word' id='word_1_131' title='bbox 840 3699 938 3765; x_wconf 85' lang='lat' dir='ltr'>fuisse</span> <span class='ocrx_word' id='word_1_132' title='bbox 958 3700 1124 3764; x_wconf 87' lang='lat' dir='ltr'>sententiis</span> <span class='ocrx_word' id='word_1_133' title='bbox 1135 3700 1169 3764; x_wconf 92' lang='lat' dir='ltr'>in</span> <span class='ocrx_word' id='word_1_134' title='bbox 1183 3720 1278 3765; x_wconf 88' lang='lat' dir='ltr'>seena</span> <span class='ocrx_word' id='word_1_135' title='bbox 1289 3698 1357 3765; x_wconf 75' lang='lat' dir='ltr'>uu-</span> 
     </span>
     <span class='ocr_line' id='line_1_25' title="bbox 162 3803 1358 3892; baseline 0.003 -25"><span class='ocrx_word' id='word_1_136' title='bbox 162 3804 282 3888; x_wconf 88' lang='lat' dir='ltr'>ripidea</span> <span class='ocrx_word' id='word_1_137' title='bbox 305 3806 540 3889; x_wconf 85' lang='lat' dir='ltr'>pronuntiatis,</span> <span class='ocrx_word' id='word_1_138' title='bbox 565 3806 785 3890; x_wconf 87' lang='lat' dir='ltr'>imprimisque</span> <span class='ocrx_word' id='word_1_139' title='bbox 804 3803 1054 3888; x_wconf 80' lang='lat' dir='ltr'>Aristophanem</span> <span class='ocrx_word' id='word_1_140' title='bbox 1075 3806 1141 3871; x_wconf 89' lang='lat' dir='ltr'>eius</span> <span class='ocrx_word' id='word_1_141' title='bbox 1160 3806 1358 3892; x_wconf 79' lang='lat' dir='ltr'>impietatem</span> 
     </span>
     <span class='ocr_line' id='line_1_26' title="bbox 163 3910 1358 3997; baseline 0.002 -22"><span class='ocrx_word' id='word_1_142' title='bbox 163 3915 288 3975; x_wconf 83' lang='lat' dir='ltr'>notasse</span> <span class='ocrx_word' id='word_1_143' title='bbox 296 3910 332 3997; x_wconf 89' lang='grc'>1).</span> <span class='ocrx_word' id='word_1_144' title='bbox 343 3910 404 3985; x_wconf 84' lang='lat' dir='ltr'>Qui</span> <span class='ocrx_word' id='word_1_145' title='bbox 416 3913 533 3989; x_wconf 84' lang='lat' dir='ltr'>tamen,</span> <span class='ocrx_word' id='word_1_146' title='bbox 544 3912 570 3975; x_wconf 90' lang='lat' dir='ltr'>si</span> <span class='ocrx_word' id='word_1_147' title='bbox 583 3911 749 3997; x_wconf 89' lang='lat' dir='ltr'>aliquanto</span> <span class='ocrx_word' id='word_1_148' title='bbox 762 3910 949 3994; x_wconf 82' lang='lat' dir='ltr'>diligentius</span> <span class='ocrx_word' id='word_1_149' title='bbox 961 3914 1000 3975; x_wconf 90' lang='lat' dir='ltr'>de</span> <span class='ocrx_word' id='word_1_150' title='bbox 1010 3911 1165 3997; x_wconf 83' lang='lat' dir='ltr'>religione</span> <span class='ocrx_word' id='word_1_151' title='bbox 1176 3912 1358 3997; x_wconf 81' lang='lat' dir='ltr'>cogitasset,</span> 
     </span>
     <span class='ocr_line' id='line_1_27' title="bbox 163 4016 1358 4103; baseline 0.003 -23"><span class='ocrx_word' id='word_1_152' title='bbox 163 4017 305 4101; x_wconf 82' lang='lat' dir='ltr'>profecto</span> <span class='ocrx_word' id='word_1_153' title='bbox 324 4017 358 4081; x_wconf 92' lang='lat' dir='ltr'>in</span> <span class='ocrx_word' id='word_1_154' title='bbox 379 4020 488 4082; x_wconf 88' lang='lat' dir='ltr'>eodem</span> <span class='ocrx_word' id='word_1_155' title='bbox 509 4018 661 4083; x_wconf 84' lang='lat' dir='ltr'>haesisset</span> <span class='ocrx_word' id='word_1_156' title='bbox 673 4019 814 4103; x_wconf 80' lang='lat' dir='ltr'>scopulo.</span> <span class='ocrx_word' id='word_1_157' title='bbox 829 4016 987 4092; x_wconf 78' lang='lat' dir='ltr'>Quoniam</span> <span class='ocrx_word' id='word_1_158' title='bbox 1000 4018 1086 4082; x_wconf 91' lang='lat' dir='ltr'>enim</span> <span class='ocrx_word' id='word_1_159' title='bbox 1099 4018 1231 4102; x_wconf 86' lang='lat' dir='ltr'>perinde</span> <span class='ocrx_word' id='word_1_160' title='bbox 1242 4040 1280 4083; x_wconf 87' lang='lat' dir='ltr'>ao</span> <span class='ocrx_word' id='word_1_161' title='bbox 1291 4024 1358 4083; x_wconf 84' lang='lat' dir='ltr'>tra·</span> 
     </span>
     <span class='ocr_line' id='line_1_28' title="bbox 163 4120 1360 4209; baseline -0.001 -19"><span class='ocrx_word' id='word_1_162' title='bbox 163 4125 250 4209; x_wconf 76' lang='lat' dir='ltr'>giem</span> <span class='ocrx_word' id='word_1_163' title='bbox 268 4120 426 4189; x_wconf 83' lang='lat' dir='ltr'>censuis&#39;se</span> <span class='ocrx_word' id='word_1_164' title='bbox 450 4124 577 4188; x_wconf 83' lang='lat' dir='ltr'>videtur</span> <span class='ocrx_word' id='word_1_165' title='bbox 601 4124 762 4209; x_wconf 89' lang='lat' dir='ltr'>propriam</span> <span class='ocrx_word' id='word_1_166' title='bbox 786 4124 892 4188; x_wconf 89' lang='lat' dir='ltr'>sedem</span> <span class='ocrx_word' id='word_1_167' title='bbox 915 4123 1061 4208; x_wconf 89' lang='lat' dir='ltr'>justitiae</span> <span class='ocrx_word' id='word_1_168' title='bbox 1086 4124 1171 4209; x_wconf 83' lang='lat' dir='ltr'>apud</span> <span class='ocrx_word' id='word_1_169' title='bbox 1194 4127 1270 4189; x_wconf 90' lang='lat' dir='ltr'>deos</span> <span class='ocrx_word' id='word_1_170' title='bbox 1293 4146 1360 4189; x_wconf 90' lang='lat' dir='ltr'>esse</span> 
     </span>
     <span class='ocr_line' id='line_1_29' title="bbox 164 4229 1361 4316; baseline 0.001 -22"><span class='ocrx_word' id='word_1_171' title='bbox 164 4230 238 4316; x_wconf 84' lang='lat' dir='ltr'>(vid.</span> <span class='ocrx_word' id='word_1_172' title='bbox 264 4250 318 4315; x_wconf 84' lang='lat' dir='ltr'>pg.</span> <span class='ocrx_word' id='word_1_173' title='bbox 342 4230 405 4293; x_wconf 82' lang='lat'>120</span> <span class='ocrx_word' id='word_1_174' title='bbox 426 4232 506 4315; x_wconf 82' lang='lat' dir='ltr'>sq),</span> <span class='ocrx_word' id='word_1_175' title='bbox 528 4230 689 4315; x_wconf 84' lang='lat' dir='ltr'>popularis</span> <span class='ocrx_word' id='word_1_176' title='bbox 708 4229 820 4315; x_wconf 82' lang='lat' dir='ltr'>religio</span> <span class='ocrx_word' id='word_1_177' title='bbox 842 4231 871 4294; x_wconf 92' lang='lat' dir='ltr'>ei</span> <span class='ocrx_word' id='word_1_178' title='bbox 890 4230 1103 4315; x_wconf 84' lang='lat' dir='ltr'>improbanda</span> <span class='ocrx_word' id='word_1_179' title='bbox 1121 4230 1235 4295; x_wconf 83' lang='lat' dir='ltr'>fuerat.</span> <span class='ocrx_word' id='word_1_180' title='bbox 1258 4230 1361 4315; x_wconf 85' lang='lat' dir='ltr'>Atqui</span> 
     </span>
    </p>
   </div>
   <div class='ocr_carea' id='block_1_6' title="bbox 181 4411 374 4419">
    <p class='ocr_par' dir='ltr' id='par_1_12' title="bbox 181 4411 374 4419">
     <span class='ocr_line' id='line_1_30' title="bbox 181 4411 374 4419; baseline -0.005 0"><span class='ocrx_word' id='word_1_181' title='bbox 181 4411 374 4419; x_wconf 73' lang='lat'>--——----</span> 
     </span>
    </p>
   </div>
   <div class='ocr_carea' id='block_1_7' title="bbox 196 4510 1042 4655">
    <p class='ocr_par' dir='ltr' id='par_1_13' title="bbox 196 4510 1042 4655">
     <span class='ocr_line' id='line_1_31' title="bbox 196 4510 878 4578; baseline 0.003 -18"><span class='ocrx_word' id='word_1_182' title='bbox 196 4511 224 4575; x_wconf 87' lang='lat'>1)</span> <span class='ocrx_word' id='word_1_183' title='bbox 243 4510 334 4560; x_wconf 82' lang='lat' dir='ltr'>Passim</span> <span class='ocrx_word' id='word_1_184' title='bbox 352 4510 378 4559; x_wconf 85' lang='lat' dir='ltr'>in</span> <span class='ocrx_word' id='word_1_185' title='bbox 396 4511 457 4560; x_wconf 78' lang='lat' dir='ltr'>Rau.</span> <span class='ocrx_word' id='word_1_186' title='bbox 474 4515 499 4561; x_wconf 84' lang='lat' dir='ltr'>et</span> <span class='ocrx_word' id='word_1_187' title='bbox 516 4512 579 4562; x_wconf 90' lang='lat' dir='ltr'>Nub.</span> <span class='ocrx_word' id='word_1_188' title='bbox 598 4513 634 4561; x_wconf 80' lang='lat' dir='ltr'>Ol.</span> <span class='ocrx_word' id='word_1_189' title='bbox 655 4512 797 4578; x_wconf 78' lang='lat' dir='ltr'>Thesmoph.</span> <span class='ocrx_word' id='word_1_190' title='bbox 816 4515 878 4563; x_wconf 75' lang='lat'>4⁶1:</span> 
     </span>
     <span class='ocr_line' id='line_1_32' title="bbox 467 4589 1042 4655; baseline 0.003 -14"><span class='ocrx_word' id='word_1_191' title='bbox 467 4593 527 4651; x_wconf 74' lang='grc' dir='ltr'>τοὺς</span> <span class='ocrx_word' id='word_1_192' title='bbox 545 4592 633 4655; x_wconf 58' lang='grc' dir='ltr'><strong><em>ἄνδρας</em></strong></span> <span class='ocrx_word' id='word_1_193' title='bbox 650 4592 812 4643; x_wconf 71' lang='grc' dir='ltr'><strong><em>ἀναπέπεικεν</em></strong></span> <span class='ocrx_word' id='word_1_194' title='bbox 829 4592 874 4643; x_wconf 84' lang='grc' dir='ltr'><strong><em>ιιιίκ</em></strong></span> <span class='ocrx_word' id='word_1_195' title='bbox 891 4589 951 4642; x_wconf 75' lang='grc' dir='ltr'><strong><em>εἶναι</em></strong></span> <span class='ocrx_word' id='word_1_196' title='bbox 968 4592 1042 4652; x_wconf 75' lang='grc' dir='ltr'><strong><em>θινός.</em></strong></span> 
     </span>
    </p>
   </div>
   <div class='ocr_carea' id='block_1_8' title="bbox 0 0 1634 5217">
    <p class='ocr_par' dir='ltr' id='par_1_14' title="bbox 0 0 1634 5217">
     <span class='ocr_line' id='line_1_33' title="bbox 0 0 1634 5217; baseline 0 0"><span class='ocrx_word' id='word_1_197' title='bbox 0 0 1634 5217; x_wconf 95' lang='lat' dir='ltr'> </span> 
     </span>
    </p>
   </div>
  </div>
 </body>
</html>
