3250 5217
741 422 806 485 203

171 607 337 693 qualemve
368 606 402 669 in
435 604 546 670 Oreste
574 604 690 689 (1084)
715 606 879 669 »mortuos
904 602 1028 689 gaudiis
1053 602 1193 680 carere'’‚
1217 600 1364 687 profecto

172 713 301 780 nonnisi
326 716 523 778 mortuorum
542 711 761 776 infirmitatem
783 716 816 777 et
834 710 1056 795 impotentiam
1077 709 1223 774 vivorum
1243 708 1364 773 viribus

172 825 205 886 et
232 820 340 884 robori
369 823 563 903 opponants
581 822 689 882 tamen
713 819 798 903 quod
822 819 858 884 in
881 817 996 885 Troad.
1022 817 1115 902 (631)
1140 813 1365 881 Andromache

174 928 207 991 τὸ
239 927 283 1004 μὴ
313 923 456 1002 γενέσθαι
481 926 522 1005 τῷ
547 924 646 989 θανεῖν
670 925 732 989 ἴσον
756 947 822 990 esse
847 925 941 1002 dicit,
967 923 1224 1008 Polyxenamque
1248 923 1366 986 macta-

173 1038 239 1099 tam
271 1032 408 1096 affirmat
438 1054 471 1097 se
501 1032 546 1096 ita
575 1031 691 1097 habere
714 1032 802 1116 quasi
827 1052 1002 1116 numquam
1027 1030 1158 1094 vixisset
1181 1029 1260 1114 (636
1284 1029 1364 1113 sq),

174 1140 227 1206 vix
258 1138 350 1203 aliter
380 1138 532 1223 explicari
562 1140 668 1223 potest
698 1161 795 1223 quam
826 1139 853 1202 si
885 1137 1062 1223 cogitamus
1086 1158 1214 1201 omnem
1238 1156 1366 1199 sensum

174 1266 364 1330 omnemque
394 1266 500 1309 rerum
531 1244 743 1310 humanarum
776 1243 960 1310 memoriam
984 1247 1127 1307 mortuos
1151 1241 1293 1306 deficere.
1316 1238 1367 1303 Ex

175 1352 283 1427 eadem
307 1350 458 1436 opinione
483 1372 610 1415 manare
632 1351 750 1416 debent
770 1352 793 1415 ii
812 1352 874 1416 loci
892 1351 1007 1436 quibus
1026 1349 1253 1433 vituperantur
1275 1345 1368 1411 nimii

175 1458 393 1543 exsequiarum
426 1460 598 1543 apparatus
629 1461 666 1522 ut
689 1458 818 1523 inutiles
842 1458 929 1543 (Tro.
955 1456 1042 1521 1248
1067 1477 1152 1540 sqq„
1178 1453 1302 1537 Polyid.
1327 1452 1366 1518 fr.

177 1566 254 1645 641)
262 1586 270 1642 ;
304 1586 398 1641 nam,
429 1569 466 1630 ut
496 1564 531 1627 in
564 1564 727 1650 Meleagro
759 1564 841 1629 dixit
871 1563 986 1649 aliquis
1011 1562 1063 1649 (fr.
1091 1562 1174 1640 536,
1201 1582 1252 1644 ap.
1276 1557 1365 1624 Stob.

176 1673 263 1757 98,4.
291 1671 448 1757 121,25);

357 1778 425 1850 τοὺς
452 1778 567 1859 ζῶντας
591 1773 625 1842 ed
649 1779 737 1858 δρᾶν·
763 1778 919 1843 κατθανὼν
944 1776 975 1841 δὲ
1000 1780 1063 1849 πῶς
1088 1777 1161 1855 ἀνὴρ

357 1892 400 1962 γῆ
425 1885 477 1949 acal
501 1884 590 1951 rarat·
616 1886 650 1950 τὸ
674 1884 767 1961 μηδὲν
790 1884 833 1955 εἷς
859 1883 941 1948 οὐδὲν
965 1882 1068 1966 ῥέπει,

175 2015 256 2077 quae
280 1992 388 2057 omnia
407 1992 611 2077 opinionibus
631 1991 833 2076 vulgaribus,
854 2011 981 2055 omnem
1001 1989 1159 2053 rationem
1172 1986 1281 2052 inferis
1293 2005 1367 2070 gra·

176 2099 319 2163 tificandi
343 2099 564 2177 laudantibus,
589 2121 716 2184 prorsus
739 2100 924 2183 repugnant
935 2094 973 2182 ¹).

222 2203 313 2280 Quod
344 2207 384 2269 ad
416 2205 642 2289 explicationes
673 2206 820 2290 physicas
851 2205 987 2282 attinet,
1019 2203 1157 2267 breviter
1184 2202 1310 2266 tantum
1334 2201 1370 2263 in

177 2311 361 2377 memoriam
391 2315 603 2395 revocandum
635 2312 789 2396 estquod
813 2312 945 2395 exposui
968 2312 1003 2373 in
1026 2311 1194 2393 asperto,
1218 2328 1299 2391 quae
1322 2310 1370 2370 est

177 2420 215 2483 de
250 2416 410 2501 Euripidis
441 2417 645 2502 philosophia
677 2418 817 2482 naturali
848 2419 915 2501 (pg.
942 2416 1099 2501 51—56).
1127 2414 1273 2480 Secunda
1296 2435 1369 2498 pars

177 2524 350 2609 fragmenti
386 2526 469 2601 836,
508 2547 572 2609 qua
603 2525 719 2589 dicitur
750 2524 990 2608 unumquidque
1018 2544 1055 2587 co
1078 2522 1181 2587 redire
1208 2523 1291 2585 unde
1310 2541 1370 2584 na-

178 2632 245 2693 tum
270 2630 327 2707 sit,
353 2635 536 2714 comparata
555 2653 626 2695 cum
646 2632 742 2695 variis
762 2631 928 2695 sententiis
948 2628 1211 2714 congruentibus,
1233 2648 1369 2710 quarum

177 2737 333 2822 quaedam
353 2759 372 2800 a
390 2736 507 2802 criticis
527 2738 646 2823 injuria
665 2737 799 2803 fortasse
817 2738 853 2801 in
864 2739 977 2808 νοθείας
992 2735 1203 2820 suspicionem
1215 2733 1370 2797 adductae

178 2847 271 2921 sunt,
286 2880 327 2891 -
339 2843 422 2907 clare
442 2847 473 2907 et
485 2844 600 2907 diserte
612 2844 779 2927 profitetur
791 2843 976 2926 opinionem
988 2845 1091 2907 morte
1103 2839 1244 2925 separari
1255 2859 1370 2921 eorpus

180 2954 212 3014 et
234 2950 391 3023 animam,
416 2971 549 3034 quorum
574 2950 654 3014 illud
678 2950 779 3014 redire
802 2949 843 3013 ad
866 2951 983 3013 terram
1008 2951 1092 3012 unde
1114 2946 1286 3011 formatum
1312 2944 1371 3021 sit,

179 3056 263 3121 hanc
282 3056 322 3119 ad
341 3055 484 3134 aethera,
507 3078 594 3121 suam
614 3056 732 3136 scilicet
744 3056 912 3140 originem.
925 3054 1047 3119 Ibidem
1060 3053 1224 3118 ostendere
1237 3054 1371 3116 conatus

181 3185 251 3227 sum
277 3163 338 3227 hoc
368 3162 609 3247 philosophema
640 3184 707 3227 non
735 3162 886 3227 maiorem
910 3159 1028 3240 habere
1051 3158 1274 3243 cognationem
1298 3177 1371 3220 cum

179 3268 391 3354 Anaxagorae
414 3291 508 3354 quam
533 3290 605 3333 cum
630 3272 802 3334 ceterorum
822 3265 1082 3351 philosophorum
1103 3264 1247 3349 placitis,
1269 3284 1372 3346 neque

181 3375 264 3460 apud
285 3374 430 3459 aequales
450 3374 684 3459 antiquioresve
699 3396 891 3459 quemquam
903 3372 1041 3438 inveniri
1054 3370 1115 3435 nisi
1126 3369 1371 3456 Epicharmum‚

181 3481 236 3565 qui
258 3480 340 3545 idem
365 3481 573 3566 proposuerit.

227 3586 330 3663 Quum
365 3610 546 3672 quaererem
581 3588 656 3672 quid
687 3586 834 3672 Euripidi
868 3588 907 3651 de
932 3586 1079 3651 universa
1101 3586 1168 3649 vita
1193 3583 1374 3665 videretur,

182 3694 291 3759 monui
311 3716 383 3759 cum
402 3698 537 3759 mortem
558 3693 651 3759 valde
663 3693 808 3777 laudare,
824 3692 1044 3776 nutricemque
1054 3692 1090 3756 in
1102 3688 1233 3775 Hippol.
1247 3687 1371 3773 (192-

184 3801 262 3887 198)
286 3800 477 3865 contendere
500 3800 645 3865 homines
667 3799 786 3885 inJ‘uria
808 3799 909 3864 vitam
933 3815 1055 3862 amare:

478 3907 513 3971 δι’
540 3907 737 3985 ἀπειροσύνην
761 3902 860 3970 ἄλλον
883 3902 990 3981 βιότου

477 4014 550 4078 noda
573 4010 729 4088 ἀπόδειξιν
753 4017 811 4075 τῶν
837 4009 895 4076 ὑπὸ
919 4008 1035 4087 ratae·

476 4120 580 4197 μύθοις
604 4121 630 4186 δ’
655 4118 759 4193 ἄλλως
785 4116 975 4200 (hrodperto.

184 4246 369 4260 *—

217 4320 244 4385 1)
267 4321 325 4369 Ideo
348 4318 424 4370 σκιά
442 4320 468 4370 in
488 4322 542 4371 ι.3
562 4321 671 4371 universe
688 4321 804 4385 significat
828 4337 880 4372 rem
899 4337 999 4385 ranam,
1014 4337 1062 4371 non
1082 4318 1193 4371 ‚mened'
1210 4328 1374 4377 mortuorum,

180 4402 261 4467 quales
276 4418 288 4453 c
306 4402 420 4467 religione
440 4403 533 4467 vulgari
557 4403 631 4452 vitam
653 4405 772 4467 quandam
794 4404 877 4453 vivere
896 4403 1060 4455 credebantur.
1076 4403 1127 4452 Ale.
1142 4403 1206 4463 381,
1221 4400 1261 4451 ubi
1275 4400 1376 4450 Alcestis

179 4490 326 4538 maerentem
340 4488 468 4537 Admetum
483 4486 521 4535 hie
538 4484 615 4535 verbis
632 4486 780 4537 consolatur:
799 4487 887 4549 χρόνοι
905 4485 1015 4552 μαλάξει
1032 4486 1064 4534 ι’·
1074 4481 1204 4534 οὐδένέν-θ’
1214 4484 1226 4532 ὁ
1236 4479 1375 4538 medarde,

177 4571 309 4635 significare
326 4573 398 4636 puto:
418 4568 508 4618 mortui
525 4583 579 4618 mox
597 4568 623 4617 iu
640 4566 783 4618 oblivionem
801 4568 896 4618 abeant.
