3250 5217
818 404 881 473 '194

253 592 367 675 aliquis
390 591 582 676 querebatur
602 593 684 675 quod
706 591 740 654 in
761 612 825 656 une
844 610 943 654 uxore
954 589 1066 654 salutis
1078 589 1254 673 periculum
1266 589 1308 653 sit
1319 588 1442 653 faciun-

253 698 345 776 dum,
370 719 440 762 oum
466 718 567 761 novae
587 717 721 782 sponsae
741 718 845 761 mores
864 717 931 761 non
946 699 1104 781 spectatos
1117 695 1235 760 habeas
1248 693 1283 781 1).
1297 694 1443 760 Fortasse

251 807 374 868 castum
398 823 523 888 quoque
546 825 704 880 amorem,
729 825 792 888 quo
816 824 858 868 sc.

503 908 645 989 παρθένος
670 909 763 985 ἠΐθεός
787 907 818 973 τ’
843 908 994 990 ὀαρίζετον
1017 910 1194 983 ἀλλήλοιιν,

252 1016 407 1101 spectavit
437 1018 532 1101 poeta
562 1016 617 1081 ubi
647 1016 798 1080 describit
828 1037 968 1081 amorem
998 1017 1053 1081 οὐκ
1083 1017 1126 1086 εἰς
1147 1015 1181 1080 τὸ
1206 1021 1301 1095 μῶρον
1326 1014 1385 1079 οὐδ’
1399 1016 1441 1087 εἰς

253 1123 367 1199 Κύπρον
391 1123 561 1201 πρέποντα,
588 1124 643 1186 sed
665 1129 774 1203 ψυχῆς
801 1122 924 1194 δικαίας
949 1117 1098 1200 σώφρονός
1121 1144 1158 1184 τε
1182 1121 1322 1198 κάγαθῆς
1343 1118 1441 1206 (Diet.

251 1228 288 1294 fr.
324 1229 407 1306 342,
436 1227 476 1293 cf.
501 1228 652 1295 Stheneb.
677 1228 715 1292 fr.
741 1229 839 1313 671),
864 1228 981 1313 quique
1005 1227 1167 1302 παίδευμα
1192 1227 1306 1309 σοφίας
1331 1229 1441 1306 αρετῆς

252 1344 397 1400 πλεῖστον
430 1334 564 1416 ὑπάρχει
598 1335 649 1419 (lr.
681 1335 744 1401 ine.
770 1336 853 1411 889,
877 1334 942 1399 vid.
966 1354 1020 1418 pg.
1044 1335 1141 1419 168);
1162 1333 1313 1418 quoniam
1333 1343 1441 1397 tamon

251 1441 342 1505 valde
367 1441 517 1525 ambigua
541 1442 590 1505 est
612 1441 726 1504 horum
751 1440 1005 1525 fragmentorum
1029 1440 1268 1525 interpretatio,
1292 1439 1441 1504 audacius

249 1548 323 1611 inde
350 1547 469 1632 aliquid
504 1547 652 1631 colligere
684 1548 769 1614 nolo.
802 1545 849 1611 At
871 1547 906 1611 in
930 1546 1066 1611 Achillis
1090 1550 1175 1611 certe
1198 1550 1231 1611 et
1254 1546 1441 1630 Iphigeniae

250 1651 408 1738 colloquio
442 1656 599 1717 mutatam
628 1674 766 1737 agnosco
787 1655 941 1738 juvenum
968 1654 1245 1728 consuetudinem,
1277 1657 1310 1716 et
1333 1651 1442 1715 videor

250 1759 328 1823 mihi
347 1763 507 1846 quandam
526 1761 768 1825 similitudinem
789 1760 1024 1846 deprehendere
1043 1780 1116 1824 cum
1134 1759 1275 1822 moribus
1287 1779 1440 1822 verecun-

250 1866 297 1930 dis
318 1887 394 1950 erga
413 1888 521 1931 sexum
543 1867 728 1931 muliebrem
748 1868 865 1951 quibus
882 1866 1080 1947 gloriabatur
1099 1869 1186 1929 aetas
1205 1864 1299 1928 medii
1319 1863 1390 1928 aevi
1402 1862 1438 1950 9).

294 1970 461 2057 Euripides
484 1974 585 2057 igitur
605 1994 670 2037 non
692 1973 779 2037 velut
800 1972 945 2057 aequales
957 1972 1183 2038 contemnebat
1193 1971 1345 2048 feminas,
1360 1972 1439 2055 quin

249 2079 344 2142 etiam
376 2079 410 2143 in
443 2080 509 2143 eius
540 2079 656 2144 fabulis
685 2079 833 2144 mulieres
856 2080 1024 2164 pleraeque
1048 2080 1145 2163 longe
1166 2082 1331 2162 praestant
1353 2079 1437 2143 viris.

248 2183 437 2267 Intelligens
467 2184 565 2268 igitur
596 2190 628 2249 et
660 2206 852 2269 pernoscens
879 2206 987 2249 earum
1012 2188 1160 2248 naturam
1185 2184 1314 2247 videbat
1335 2205 1438 2268 quan-

249 2294 354 2354 tarum
386 2291 541 2355 virtutum
567 2291 688 2355 semina
713 2290 884 2368 haberent,
909 2292 985 2377 quid
1009 2290 1153 2355 valerent
1177 2293 1253 2354 ante
1276 2292 1384 2356 omnia
1405 2293 1439 2355 in

248 2396 314 2461 rita
341 2397 531 2475 domestica,
557 2400 612 2461 sed
637 2398 732 2462 etiam
754 2398 789 2461 in
812 2398 879 2462 rita
903 2398 1051 2482 publica,
1076 2397 1200 2461 etiamsi
1223 2419 1242 2461 a
1265 2398 1385 2482 pudore
1406 2400 1438 2463 et

248 2504 404 2567 modestia
426 2505 570 2588 virginea
594 2505 725 2569 'minime
749 2504 962 2569 deflecterent.

295 2612 361 2674 >At
384 2631 524 2693 quonam
550 2611 644 2676 modo
668 2612 737 2679 fieri
760 2612 869 2695 potuit
891 2618 928 2676 ut
958 2612 1042 2677 idem
1061 2612 1115 2676 ille
1135 2610 1277 2675 omnium
1290 2604 1438 2676 acerrime

247 2719 349 2779 totum
374 2736 476 2799 genus
497 2718 676 2802 opprobriis
696 2719 963 2804 conspergeretl'’
977 2718 1068 2795 Quod
1080 2718 1246 2782 mulierum
1260 2719 1439 2802 aequalium

246 2821 413 2906 pleraeque
443 2823 648 2908 improbitate
672 2829 703 2889 et
723 2826 867 2909 nequitia
888 2831 979 2889 erant
999 2826 1196 2911 conspicuae.
1213 2824 1297 2889 Nam
1309 2846 1375 2889 non
1388 2846 1438 2890 so-

246 2927 311 2991 lum
332 2928 509 2993 manebant
527 2930 661 2995 multum
681 2930 766 2995 infra
780 2931 946 3017 pulchram
959 2932 1151 3017 imaginem,
1164 2930 1332 3016 quamsibi
1345 2933 1439 3016 poeta

245 3040 470 3117 proposuerat,
490 3040 545 3101 sed
563 3058 672 3102 uereor
690 3060 730 3102 ne
749 3038 813 3102 illis
835 3039 1031 3123 temporibus
1051 3039 1147 3102 etiam
1167 3047 1222 3113 τῆς
1241 3038 1439 3117 ὑπαρχούσης

245 3143 367 3218 φύσεος
400 3141 585 3227 plerumque
615 3144 736 3223 χείρους
769 3144 889 3209 fuerint
903 3146 938 3230 ³).
971 3142 1072 3219 Quam
1102 3144 1144 3207 ob
1175 3165 1301 3208 causam
1326 3142 1439 3225 reliqui

246 3247 410 3312 universas
446 3249 592 3313 mulieres
627 3251 876 3315 contemnebant
911 3257 944 3315 et
977 3251 1127 3326 oderant;
1163 3249 1332 3335 Euripides
1364 3267 1438 3311 vero

247 3375 310 3437 quo
342 3354 463 3419 maiora
494 3360 526 3419 et
556 3355 742 3421 sublimiora
769 3357 803 3421 in
835 3358 875 3421 iis
905 3357 1004 3421 latere
1034 3356 1208 3434 sentiebat,
1241 3377 1304 3441 quo
1339 3354 1439 3437 magis

247 3482 355 3525 cerum
387 3465 536 3525 naturam
567 3463 775 3527 venerabatur
799 3467 831 3527 et
853 3462 995 3541 colebat,
1020 3482 1057 3525 eo
1082 3462 1183 3545 magis
1207 3460 1441 3545 indignabatur

248 3587 350 3631 mores
384 3565 575 3631 feminarum
608 3569 798 3652 aequalium.
833 3568 946 3653 ltaque
977 3568 1081 3653 ipsum
1105 3567 1177 3632 eius
1192 3568 1347 3651 judicium
1369 3586 1439 3630 reo-

245 3673 310 3737 tius
353 3676 386 3737 et
422 3672 552 3757 aequius
587 3674 697 3739 effecit.
726 3679 762 3740 ut
801 3675 902 3739 multo
937 3675 1062 3759 saepius
1100 3673 1263 3758 multoque
1297 3671 1439 3738 acerbius

248 3779 394 3844 mulieres
418 3779 622 3864 castigaverit
644 3769 739 3865 quam
764 3780 878 3865 reliqui
900 3802 1011 3846 omnes
1024 3781 1061 3866 ⁴).

280 3972 307 4037 1)
323 3972 344 4020 Ε
361 3971 493 4021 Protesilao
511 3987 524 4021 a
542 3970 617 4021 Clem.
635 3972 701 4021 Alex.
719 3973 807 4022 Strom.
826 3973 854 4032 6,
873 3989 896 4038 p.
916 3972 964 4024 ‘lul
983 3973 1022 4023 hic
1039 3986 1121 4023 versus
1137 3975 1261 4022 serretur:

560 4052 636 4102 κοινὸν
653 4053 702 4116 γὰρ
721 4050 781 4102 εἶναι
799 4056 863 4117 χρῆν
880 4058 1018 4116 γυναικεῖον
1035 4052 1121 4118 λέχος.

278 4135 306 4200 2)
322 4134 434 4201 Suspicor
452 4134 524 4184 etiarn
541 4135 718 4185 Andromedam
735 4135 849 4193 fabulam,
865 4153 912 4201 qua
927 4146 1009 4203 postea
1027 4137 1155 4187 Abderites
1173 4131 1300 4197 ἐμάνησαν
1308 4134 1369 4200 (rid.
1380 4134 1437 4183 Imc.

243 4218 271 4266 de
289 4233 378 4267 consor.
397 4216 453 4266 hist.
471 4216 501 4275 I,
520 4217 562 4283 1),
581 4217 671 4267 similes
688 4217 796 4268 habuisse
814 4220 918 4269 effectus.

277 4300 304 4364 3)
330 4302 368 4349 An
387 4298 520 4365 putendum
544 4302 579 4348 est
600 4298 660 4361 jocis
677 4299 797 4350 obscoenis
813 4301 840 4350 in
857 4300 1106 4368 Thesmophorissusis
1122 4298 1256 4365 Lysistruta
1273 4297 1439 4347 Iloelesiususis

242 4381 304 4431 nihil
320 4382 372 4431 veri
387 4380 499 4433 subesse?

275 4465 304 4530 4)
322 4465 350 4515 V.
368 4464 391 4513 d.
408 4464 435 4515 Δ.
450 4463 478 4512 Δ.
494 4462 585 4522 Breut,
600 4464 655 4513 diss.
672 4480 744 4529 supra
758 4469 807 4531 (pg.
825 4466 885 4531 190)
903 4465 998 4514 laudata
1011 4464 1141 4515 infeliciter
1149 4463 1259 4513 evincere
1267 4463 1360 4513 studuit
1368 4460 1438 4511 llari·

240 4547 321 4613 pidem
337 4561 467 4611 numquam
484 4561 497 4594 e
514 4544 550 4595 sui
568 4547 643 4596 animi
664 4548 783 4597 mutantis
799 4562 882 4597 sexum
900 4548 1040 4599 muliebrem
1056 4547 1243 4613 reprehendisse.
