3250 5217
804 441 867 505 148

234 634 282 693 est
312 649 421 693 omnes
452 627 612 710 sophistas
638 647 703 691 una
730 625 839 690 schola
871 624 1040 708 complecti
1055 624 1088 708 ¹).
1123 622 1324 698 Quinetiam
1349 623 1429 687 Pro-

233 738 363 819 tagoras
396 736 429 798 et
453 732 589 816 Gorgias
611 730 849 817 philosophiam
872 730 1023 795 ridentur
1046 717 1087 794 ab
1108 728 1313 794 institutione
1335 749 1428 813 pror-

235 862 288 905 sus
322 859 497 924 separarem
526 839 561 902 in
594 838 865 924 disputationibus
896 838 929 901 et
961 835 1159 901 orationibus
1193 857 1273 919 quas
1308 834 1430 899 habent

235 947 321 1029 apud
351 943 540 1021 Platonem,
576 943 791 1008 adversarium
827 940 1035 1019 acerrimum,
1067 962 1243 1024 numquam
1278 942 1431 1023 dogmata

234 1051 291 1115 illa
335 1053 594 1116 commemorant.
643 1048 757 1135 Itaque
805 1048 927 1113 nemini
968 1048 1043 1111 licet
1084 1046 1140 1112 illa
1182 1046 1223 1110 ad
1257 1068 1307 1110 res
1347 1045 1429 1109 ethi-

236 1178 288 1221 eas
330 1156 520 1233 transferre,
557 1158 590 1219 et
632 1175 773 1219 summae
806 1152 984 1238 injustitiae
1018 1156 1067 1216 est
1099 1152 1139 1217 iis
1173 1150 1311 1235 objicere
1345 1150 1430 1234 qnod

236 1262 314 1326 boui
344 1265 377 1326 et
407 1260 485 1325 mali
516 1260 670 1325 terminos
702 1259 891 1325 sustulerint
919 1278 1092 1343 eorumque
1123 1256 1360 1322 distinctionem
1388 1258 1429 1320 ad

237 1368 387 1452 cuiusque
429 1365 595 1430 libidinem
638 1364 868 1431 revocaverint.
916 1362 1016 1429 Nullo
1056 1364 1150 1427 modo
1184 1362 1223 1428 iis
1255 1362 1430 1447 quidquam

238 1472 375 1558 amplius
406 1472 601 1557 exprobrari¹
622 1474 729 1555 potest
758 1494 856 1557 quam
887 1470 1003 1535 vitium
1030 1470 1162 1555 judieii,
1185 1491 1229 1535 se.
1254 1470 1340 1554 quod
1363 1489 1429 1532 non

235 1578 452 1665 perspexerint
483 1577 621 1662 sceptica
651 1578 771 1661 placita
802 1578 840 1642 de
866 1576 1052 1661 cognitione
1074 1576 1140 1640 reri
1163 1574 1257 1639 facile
1280 1575 1429 1639 inducere

236 1686 381 1750 homines
405 1688 440 1749 ut
462 1686 582 1748 certam
605 1704 732 1768 quoque
751 1683 828 1748 boni
850 1682 990 1766 malique
1009 1682 1166 1746 rationem
1179 1702 1246 1745 esse
1259 1682 1379 1764 negent
1391 1678 1430 1763 ΒΥ.

236 1791 283 1856 At
298 1791 374 1855 hoc
404 1811 513 1855 nonne
543 1792 592 1866 est
621 1790 796 1855 multorum
821 1788 1086 1875 philosophorum
1106 1810 1275 1852 commune
1298 1787 1428 1863 vitium,

235 1899 321 1981 qued
341 1918 404 1980 qno
424 1896 570 1960 tenderet
586 1896 804 1961 doctrinarum
825 1918 952 1960 suarum
977 1895 1159 1959 constantia
1178 1897 1212 1959 et
1233 1892 1429 1978 perpetuitas

235 2024 303 2068 non
326 2003 486 2081 viderint?

283 2108 366 2185 Quid
386 2130 461 2193 ergo
480 2109 637 2195 reliquum
658 2114 706 2174 est
730 2131 746 2173 e
770 2110 922 2193 gravibus
945 2108 1010 2173 illis
1031 2108 1175 2191 probris,
1192 2106 1429 2191 queeiisobjici

238 2216 366 2285 solent?
401 2215 469 2279 »At
498 2216 645 2280 Callicles
676 2220 709 2278 et
739 2215 995 2299 Thrasymachus
1027 2214 1133 2297 palam
1165 2212 1332 2277 defendere
1362 2212 1430 2276 ausi

237 2325 314 2385 sunt
354 2343 509 2384 summam
552 2322 703 2385 virtutem
748 2341 815 2385 esse
850 2320 935 2404 leges
970 2318 1051 2383 nihil
1086 2340 1212 2396 curare,
1249 2318 1430 2401 voluptates

237 2448 310 2491 suas
351 2447 446 2509 quam
484 2426 635 2489 maximas
671 2448 738 2490 esse
773 2427 877 2489 sinere
912 2447 1045 2509 easque,
1081 2425 1211 2509 reliquis
1245 2423 1429 2488 hominibus

238 2532 398 2597 voluntati
417 2553 491 2596 suae
510 2531 678 2615 subjectis,
697 2531 817 2596 viribus
838 2534 870 2595 et
889 2532 1036 2614 petentia
1058 2531 1163 2594 nisum
1184 2531 1282 2594 libere
1303 2529 1430 2613 explere

237 2636 349 2720 posse’'
364 2638 400 2722 ³).

281 2742 537 2826 Thrasymachus
561 2766 638 2809 sane
660 2743 752 2809 hanc·
767 2743 960 2809 sententiam
984 2744 1169 2827 proposuit,
1190 2742 1429 2828 quomincon·

237 2853 336 2913 ventu
366 2848 540 2913 amicorum
564 2872 665 2915 sermo
690 2852 730 2914 de
753 2855 870 2914 natura
890 2850 970 2934 justi
992 2851 1026 2913 et
1049 2850 1127 2913 boni
1148 2848 1275 2913 institui
1299 2851 1430 2931 coeptus

236 2958 318 3020 esset
347 2954 522 3040 reliquique
552 2956 691 3021 diversas
722 2957 889 3039 opiniones
920 2956 995 3020 tuiti
1027 2961 1133 3020 essent
1155 2955 1262 3040 (Plato
1287 2957 1325 3017 de
1349 2953 1428 3038 Rep.

237 3062 258 3129 l.
272 3061 311 3148 l),
337 3065 390 3127 sed
414 3084 589 3146 numquam
613 3062 714 3126 fertur
737 3084 806 3127 eam
829 3062 863 3126 in
889 3062 1034 3126 oratione
1052 3082 1159 3125 coram
1180 3060 1298 3145 populo
1319 3059 1429 3123 habita

213 3208 215 3213 ·
235 3168 417 3232 enuntiasse
441 3172 497 3232 aut
516 3169 715 3251 juventutem
742 3168 903 3244 docuissc3
926 3170 1097 3251 praecepta
1119 3166 1279 3231 rhetorica
1302 3166 1429 3249 scriptis

237 3273 400 3357 exposuit3
436 3294 476 3337 ne
504 3277 629 3337 constat
659 3272 787 3357 quidem
818 3294 890 3336 cum
922 3272 1093 3357 discipulos
1126 3271 1291 3347 habuisse,
1325 3261 1430 3335 sedai

237 3379 349 3444 habuit
382 3383 490 3442 tamen
527 3377 609 3441 nihil
640 3378 701 3442 nisi
732 3382 871 3461 angusta
899 3378 976 3441 artis
999 3377 1176 3442 rhetoricae
1199 3380 1369 3462 praecepta
1390 3375 1430 3440 iis
1520 3376 1524 3383 '

237 3484 403 3549 tradidisse
433 3484 576 3560 ridetur,
601 3483 643 3548 ob
666 3482 828 3567 idipsum
852 3483 1016 3547 sciliceta
1040 3483 1177 3547 Platone
1201 3481 1428 3565 reprehensus!

238 3591 387 3675 (Phaedr.
423 3609 475 3674 pg.
511 3590 575 3655 267
598 3587 641 3667 (l,
668 3590 732 3654 269
755 3588 799 3674 D,
835 3590 897 3654 271
919 3588 976 3672 Α).
1007 3587 1226 3653 Nihilominus
1250 3587 1345 3652 huius
1369 3588 1429 3652 viri

241 3742 436 3754 ——o—Q—-a

271 3826 298 3890 l)
315 3825 331 3873 J
333 3839 375 3874 nre
382 3823 459 3889 igitur
471 3824 545 3873 Grote
558 3839 639 3873 vocem
650 3853 661 3874 η
669 3824 710 3873 Die
719 3823 868 3891 Sophistilr”‚
877 3841 891 3874 a
899 3824 958 3874 viris
971 3824 1047 3874 doctis
1061 3824 1189 3875 Germanis
1202 3824 1296 3891 saepius
1306 3824 1429 3889 jactatam,

237 3906 390 3957 vehementer
405 3904 532 3971 improbat.

271 3990 296 4051 2)
319 3990 471 4055 Quamquam
495 4004 525 4038 ne
549 3988 575 4038 id
600 3990 697 4054 quidem
724 3992 817 4041 eertum
842 3991 952 4051 ridetur,
979 4007 1018 4041 eos
1042 3991 1096 4041 inre
1117 3992 1151 4040 ric
1166 3991 1267 4055 culpari.
1291 3992 1355 4040 Nem
1372 3991 1430 4040 Pro-

237 4076 335 4137 tagorae
360 4070 508 4136 Gorgiasque
533 4070 622 4137 placita
646 4073 759 4123 ridentur
784 4076 881 4123 tantum
906 4075 936 4123 ud
953 4089 1099 4123 sensnum
1122 4074 1358 4139 perceptionem
1375 4088 1430 4138 per·

236 4155 325 4213 tinem
351 4153 448 4203 dubium
471 4156 553 4204 summ
569 4158 604 4203 est
626 4171 684 4206 num
706 4171 760 4206 enm
782 4171 895 4206 sensuum
911 4158 957 4205 fide
974 4161 998 4205 et
1015 4157 1117 4206 veritate
1133 4156 1264 4205 necessario
1282 4156 1356 4205 etium
1373 4153 1430 4211 boni

236 4237 341 4303 malique
358 4238 475 4302 cognitio,
499 4234 553 4293 δίκκ
570 4242 595 4287 et
611 4236 686 4296 αἰδὼς
702 4238 812 4291 tollatur.
830 4239 975 4289 Testimonio
991 4244 1049 4290 sunt
1065 4239 1169 4289 rationes
1185 4238 1363 4305 philosophicae
1372 4238 1430 4286 Par·

236 4320 344 4379 meridie,
360 4320 477 4378 Socratis,
495 4320 611 4369 Platonis.

272 4403 300 4467 8)
322 4403 395 4466 Gorg.
418 4417 457 4466 pg.
481 4400 577 4451 483D=
601 4400 666 4450 ella-er
687 4402 717 4451 τὸ
741 4399 833 4451 δίκαιον
849 4400 960 4464 κέκριται
976 4404 1020 4453 τὸν
1036 4402 1142 4464 κρείττω
1158 4405 1205 4452 τοῦ
1222 4401 1327 4459 ἥττονος
1342 4398 1430 4463 ἄρχειν

238 4482 281 4533 καὶ
302 4481 378 4532 πλέον
400 4480 484 4545 ἔχειν,
508 4482 537 4530 de
554 4483 613 4549 Rep.
631 4499 670 4549 pg.
688 4486 737 4533 838
753 4485 784 4533 G:
802 4484 911 4549 (Thrae.)
931 4483 997 4547 φημὶ
1012 4484 1063 4547 γὰρ
1079 4481 1131 4547 ἐγὼ
1148 4480 1210 4532 elam
1227 4484 1257 4533 rt
1276 4481 1368 4532 δίκαιον
1386 4480 1430 4531 οὐκ

236 4564 303 4619 trae
320 4584 347 4614 rr
362 4566 376 4623 ll
393 4565 423 4613 rt
441 4565 488 4614 τοῦ
504 4564 643 4627 κρείττονος
661 4564 793 4629 συμφέρον.
881 4567 891 4581 ”
