3250 5217
831 372 874 436 82

257 556 324 619 tate
341 552 427 634 inter
446 574 479 618 se
492 552 642 619 differant
654 575 749 639 quam
761 553 941 639 religiones.
959 552 1044 619 Nam
1056 575 1128 633 eae,
1140 576 1220 638 quae
1231 556 1323 619 deum
1336 555 1448 621 eoluut

257 659 490 725 sanctissimum
511 681 715 745 summaeque
734 660 863 725 virtutis
881 664 1134 745 praereptorem‚
1154 663 1192 725 ut
1210 683 1269 745 par
1286 665 1350 745 eet,
1371 662 1445 747 plu·

257 768 372 832 rimum
402 765 488 831 infra
520 766 700 850 exemplum
730 789 823 839 suum
855 788 981 832 manere
1011 767 1132 846 solent;
1167 788 1248 853 quae
1272 788 1346 833 vero
1371 771 1445 835 deos

255 874 399 959 impuros
423 873 550 957 uolunt,
570 875 678 937 tamen
698 872 785 957 ipsae
803 873 860 939 illa
881 873 1011 939 notione
1030 873 1201 958 instigatae
1211 874 1327 941 rectius
1338 875 1445 940 vivere

255 983 423 1049 conentur.

302 1087 370 1155 Nee
401 1090 509 1152 tamen
538 1086 653 1171 exigua
684 1078 954 1153 oontenrnendave
985 1089 1033 1151 est
1054 1087 1111 1152 illu
1134 1108 1258 1152 morum
1281 1086 1443 1153 distantia.

258 1192 433 1263 Christiani
453 1194 538 1259 enim
557 1192 702 1259 homines
720 1194 822 1259 multa
840 1192 1026 1277 improbant
1044 1214 1126 1279 quae
1146 1192 1273 1259 Graeois
1291 1195 1445 1277 permissa

258 1303 291 1364 et
308 1300 443 1364 honesta
461 1298 669 1377 videbantur,
690 1303 722 1363 et
733 1300 875 1383 profecto
886 1300 1003 1365 reetius
1015 1299 1215 1383 sanctiusque
1227 1320 1322 1384 quam
1334 1299 1384 1365 illi
1396 1300 1444 1365 vi·

258 1410 348 1471 runt.
369 1405 495 1489 Religio
513 1404 598 1469 enim
616 1405 762 1471 innatam
773 1405 861 1469 illam
870 1405 1014 1489 justitiae
1026 1405 1189 1470 notionem
1203 1405 1293 1469 valde
1305 1406 1445 1472 excoluit

255 1517 287 1576 et
306 1510 496 1577 emendavit.
514 1509 601 1576 Num
613 1513 698 1594 apud
711 1508 849 1577 Graecos
861 1531 986 1597 quoque
996 1511 1108 1595 religio
1120 1511 1183 1575 vim
1196 1510 1310 1576 habuit
1320 1514 1361 1575 ad
1373 1534 1444 1577 eam

253 1618 470 1700 formandam,
503 1620 559 1683 sed
589 1639 660 1681 oum
694 1617 857 1701 impura
891 1620 973 1682 esset
1002 1617 1251 1695 contaminavit,
1283 1618 1443 1702 corrupit,

255 1724 463 1809 depravavit?
487 1722 620 1787 Minime
639 1723 793 1807 gentium.
820 1722 904 1788 Nam
924 1726 1031 1807 potest
1048 1723 1126 1789 haee
1146 1723 1236 1788 notio
1248 1722 1444 1808 aliquamdiu

255 1829 390 1915 opprimi
424 1828 580 1894 bellorum
615 1828 818 1914 civiliumque
848 1828 1049 1893 dissidiorum
1079 1828 1245 1907 fluetibus,
1278 1830 1335 1914 qui
1366 1828 1443 1895 feris

254 1958 355 2021 paene
378 1935 523 2001 homines
542 1938 697 2020 aequant,
719 1936 771 2001 sed
792 1935 848 1999 ubi
867 1935 982 2001 resedit
1000 1937 1171 2019 tempestas
1182 1935 1329 2019 protinus
1340 1958 1442 2001 emer·

256 2043 305 2127 git
334 2045 367 2107 et
395 2041 535 2125 resurgit
560 2063 663 2126 neque
686 2041 721 2105 in
746 2046 935 2125 perpetuum
958 2041 1055 2107 deleri
1077 2046 1188 2126 potest.
1227 2040 1321 2108 Hane
1343 2042 1443 2128 igitur

255 2148 369 2214 Graeci
387 2170 514 2233 quoque
533 2148 640 2232 potius
663 2147 854 2233 sequendam
874 2147 1286 2233 eeseintellexeruntquam
1298 2152 1443 2237 exempla

255 2277 384 2321 suorum
419 2255 566 2332 deorum,
602 2254 686 2319 imno
715 2254 844 2319 reveriti
874 2258 950 2318 sunt
979 2255 1108 2319 nomine
1138 2255 1235 2331 νόμων
1267 2258 1442 2336 ἀγράφων,

254 2382 389 2445 quorum
408 2360 564 2445 originem
584 2380 678 2424 nemo
696 2359 837 2424 indicare
854 2359 957 2444 possit
969 2357 1010 2439 ¹),
1031 2381 1110 2443 quos
1130 2360 1185 2445 qui
1197 2361 1315 2427 violare
1326 2365 1443 2429 audeat

254 2468 339 2554 apud
361 2488 472 2533 omnes
494 2465 610 2549 flagret
631 2465 809 2549 ignominia
822 2463 858 2551 ²).
882 2464 985 2540 Quare
1008 2465 1060 2530 hio
1081 2487 1207 2552 quoque
1233 2468 1342 2532 melior
1365 2470 1443 2534 vioit

255 2595 322 2651 res;
352 2578 385 2638 et
414 2594 512 2657 quum
543 2574 627 2655 apud
652 2568 849 2636 Christianos
872 2570 984 2655 religio
1008 2574 1191 2637 emendaret
1213 2573 1441 2640 conscientiam

253 2679 349 2757 raeti,
373 2677 457 2763 apud
482 2678 618 2743 Greeuos
637 2680 749 2741 eontra
767 2678 846 2741 reoti
864 2677 1058 2743 eonscientia
1078 2680 1215 2744 eorrexit
1233 2679 1440 2765 religionem,

254 2789 286 2850 et
304 2785 364 2851 hae
382 2786 509 2869 quidem
529 2783 654 2849 ratione
674 2788 711 2848 ut
729 2805 792 2867 quo
812 2784 914 2869 magis
933 2784 1174 2851 confirmaretur
1193 2791 1226 2851 et
1246 2787 1442 2854 exooleretur

254 2912 291 2957 eo
314 2890 420 2976 plures
442 2891 575 2955 virtutes
598 2912 791 2976 muneraque
814 2891 947 2955 moralia
969 2890 1029 2956 diis
1050 2891 1212 2960 tribueret.

299 2996 387 3065 Haeo
403 2997 567 3083 religionis
586 2996 796 3063 conformatio
816 3002 849 3063 et
867 2998 1045 3083 progressio
1067 2999 1108 3064 ab
1127 3000 1348 3086 antiquissimo
1361 3003 1440 3067 tem·

254 3126 331 3191 pore
354 3126 452 3189 usque
482 3104 523 3170 ad
555 3103 716 3188 Euripidis
739 3108 876 3169 aetatem
898 3105 1115 3191 persequenda
1138 3128 1204 3171 esse
1228 3107 1353 3172 videtur
1375 3129 1439 3193 quo

254 3211 366 3279 melius
387 3210 604 3296 intelligamus
627 3210 705 3295 quid
726 3209 780 3275 ille
804 3213 843 3275 de
865 3210 927 3275 diis
949 3211 1154 3297 popularibus
1177 3213 1320 3281 senserit.

290 3476 317 3541 1)
334 3477 406 3542 sepe.
423 3479 480 3527 nne.
497 3478 555 3531 rev.

285 3559 313 3623 2)
331 3558 365 3608 Ut
378 3560 480 3609 Pericles
497 3560 555 3609 dicit
571 3576 607 3626 up.
624 3560 697 3611 Thoe.
715 3562 749 3609 ΙΙ.
767 3558 810 3621 37;
830 3562 857 3609 ol.
869 3562 1070 3629 praetereaSoph.
1081 3562 1439 3624 emmerammianos

254 3640 299 3692 IV.
317 3644 346 3701 4,
366 3642 404 3692 19.
