3250 5217
741 431 823 508 175,

180 620 285 700 neret,
318 614 417 679 fiebat
441 615 584 692 mollior,
608 614 838 690 effeminatior,
862 614 1050 697 superbior,
1072 618 1199 681 etcum
1223 618 1371 701 volupta-

177 722 263 786 tibus
286 720 352 785 suis
375 720 529 785 effrenate
550 718 681 786 licentia
703 718 903 805 indulgeret,
922 720 995 785 illas
1015 741 1091 805 opes
1110 722 1255 787 celeriter
1278 722 1371 788 dissi·

177 827 283 912 pabet.
316 825 482 891 Praeterea
513 828 690 890 mercatura
714 824 806 890 novis
829 825 998 890 itineribus
1020 827 1055 891 in
1074 828 1265 893 immensum
1287 850 1371 893 cres·

177 953 251 997 cens
275 931 394 997 divitiis
418 934 546 996 auctum
566 930 725 995 extulerat
744 950 846 1015 genus
867 930 1054 1009 hominum,
1074 935 1159 1017 quod
1180 954 1239 1017 pro
1259 934 1372 998 innata

179 1037 306 1103 Graecis
335 1038 510 1122 cupiditate
535 1038 703 1122 studioque
733 1037 868 1103 fallendi
895 1037 964 1103 sine
987 1039 1085 1104 dubio
1109 1061 1175 1104 nou
1199 1040 1374 1105 excellebat

177 1144 338 1227 probitate
368 1148 401 1208 et
424 1144 621 1227 integritate.
647 1141 770 1209 Contra
794 1165 811 1207 e
836 1143 929 1228 plebe
952 1145 1047 1208 multi
1070 1146 1180 1211 iisdem
1204 1146 1297 1211 bellis
1320 1147 1371 1211 iu·

179 1251 309 1335 genium
339 1270 515 1335 corpusque
546 1253 768 1327 exercuerant,
799 1250 958 1335 variisque
988 1251 1151 1316 laboribus
1183 1252 1275 1336 quasi
1298 1254 1373 1316 edu·

178 1357 241 1421 cati
265 1360 298 1422 et
321 1356 439 1421 exculti
462 1355 670 1420 ostenderant
692 1378 725 1419 se
749 1355 921 1420 virtutibus
944 1357 1056 1421 ceteris
1081 1357 1203 1422 civibus
1230 1379 1294 1422 non
1320 1359 1372 1422 in·

178 1463 309 1527 ferieres
328 1485 403 1527 csse.
423 1460 498 1525 Non
518 1461 655 1545 emplius
674 1481 750 1546 ergo
762 1463 910 1526 ordinum
923 1462 1006 1526 ratio
1019 1467 1153 1528 naturae
1165 1464 1371 1548 congruebat.

179 1568 366 1653 Apparebat
389 1588 455 1631 non
478 1585 550 1644 eos,
571 1567 626 1651 qui
647 1587 761 1651 genere
782 1571 840 1631 aut
859 1566 1024 1651 opulentia
1044 1568 1212 1645 florerent,
1236 1570 1374 1654 optimos

180 1694 245 1737 esse
276 1673 378 1751 cives,
410 1680 505 1757 atquc
532 1672 655 1756 ingenii
686 1672 835 1737 laudibus
865 1672 946 1736 nibil
978 1695 1044 1738 esse
1076 1696 1147 1739 cum
1170 1675 1300 1740 fortuna
1325 1675 1374 1739 vel

179 1782 264 1843 statu
298 1778 392 1843 civili.
425 1777 528 1853 Quum
561 1782 667 1842 tumen
700 1778 766 1854 illi,
799 1781 837 1842 ut
868 1778 1006 1856 adsolet,
1031 1780 1177 1863 plurimis
1201 1781 1375 1847 honoribus

179 1885 289 1949 ornari
318 1889 504 1969 pergerent,
534 1884 679 1948 homines
702 1883 789 1947 acuti
812 1884 896 1947 hanc
919 1884 1110 1968 injustitiam
1134 1886 1297 1971 indignati
1320 1909 1374 1952 co·

180 1991 315 2075 gitando
349 1990 558 2054 inveniebant
588 1988 736 2053 instituta
768 1988 911 2052 bumana
941 1989 1051 2054 multis
1070 1990 1104 2054 in
1124 1991 1218 2055 rebus
1242 1994 1375 2056 naturae

178 2113 376 2181 repugnare:
410 2117 497 2159 nunc
527 2094 674 2159 homines
699 2094 866 2158 ordinibus
897 2097 930 2159 et
956 2096 1091 2179 pecunia
1115 2096 1267 2161 discretos
1290 2119 1374 2175 esse,

179 2203 275 2267 initio
299 2224 391 2286 pares
415 2201 528 2279 fuisse;
554 2222 657 2285 neque
679 2201 718 2265 iis
741 2200 915 2285 quidquam
939 2223 1012 2266 rere
1035 2203 1199 2287 proprium
1221 2224 1288 2268 esse
1311 2223 1375 2287 quo

180 2309 263 2373 alter
286 2308 420 2372 alterum
444 2312 589 2392 superet,
613 2307 675 2370 nisi
697 2306 821 2391 ingenii
843 2307 1046 2391 corporisque
1070 2308 1214 2375 virtutes.

228 2412 312 2478 Olim
336 2414 437 2498 igitur
459 2414 607 2477 ordinum
631 2413 713 2477 ratio
737 2412 878 2477 naturali
901 2413 1038 2498 quadam
1061 2414 1266 2480 distinctione
1290 2415 1374 2481 nite·

179 2522 293 2597 batur,
315 2542 379 2605 quo
404 2520 524 2585 fact-um
548 2524 596 2584 est
619 2522 654 2583 ut
678 2539 771 2585 nemo
795 2542 864 2583 eam
884 2523 1028 2596 roderet;
1050 2543 1137 2585 nunc
1157 2543 1232 2586 vero
1244 2522 1377 2606 opinate

181 2631 214 2692 et
244 2649 328 2691 vana
342 2630 437 2704 erat;
464 2648 560 2710 quare
583 2648 649 2691 non
674 2616 827 2690 miramur
849 2626 899 2691 his
922 2628 1049 2692 demum
1073 2628 1270 2713 temporibus
1293 2627 1377 2693 divi-

180 2736 242 2798 tias
266 2732 529 2815 nobilitatemque
553 2734 681 2815 coeptes
704 2754 772 2795 esse
795 2731 932 2816 explodi.

227 2838 340 2903 Omnis
370 2838 471 2922 igitur
502 2837 658 2901 eiusmodi
691 2838 801 2921 opinio
834 2837 950 2902 nititur
981 2839 1189 2904 distinctione
1221 2839 1312 2918 νόμου
1344 2845 1378 2906 et

180 2946 325 3025 φύσεως,
344 2944 370 3009 si
390 2947 534 3008 accurate
552 2943 734 3018 intuemur3
754 2943 809 3007 sed
829 2942 916 3006 aliud
936 2946 984 3007 est
1005 2966 1104 3008 unum
1124 2947 1305 3029 exemplum
1317 2946 1376 3011 ob·

181 3071 306 3116 serrare
336 3054 368 3114 ct
397 3049 473 3113 inde
504 3048 621 3113 sensim
652 3050 693 3112 ad
717 3070 786 3113 eam
811 3048 994 3112 doctrinam
1014 3050 1198 3143 pervenire,
1222 3055 1259 3115 ut
1281 3050 1377 3115 Euri·

181 3158 271 3243 pides
294 3156 405 3221 fecisse
429 3155 572 3232 videtur,
597 3154 684 3219 aliud
708 3154 886 3219 doctrinam
910 3176 1089 3239 proponere
1112 3156 1250 3240 indeque
1273 3156 1376 3221 varias

182 3262 419 3328 observationes
442 3262 574 3340 ducere,
599 3264 636 3325 ut
660 3261 804 3325 feceruut
828 3260 989 3345 sophistae
1012 3260 1152 3345 quidam.

229 3478 350 3545 Verum
382 3476 415 3541 id
446 3475 577 3542 maximi
602 3477 754 3543 momenti
777 3476 812 3542 in
840 3473 899 3542 hec
923 3474 1110 3560 quaestione
1134 3498 1200 3542 esse
1223 3476 1377 3556 arbitror,

184 3590 289 3650 utrum
315 3584 475 3649 sententia
497 3583 554 3648 illa
576 3583 671 3647 etiam
696 3585 737 3647 ad
762 3582 892 3647 servitia
914 3582 1083 3667 pertineat.

228 3689 396 3775 Euripides
426 3694 530 3755 autem
562 3691 601 3754 de
632 3690 731 3753 servis
761 3690 795 3752 in
828 3691 1144 3773 utramquepartem
1168 3688 1293 3754 locutus
1317 3693 1376 3755 est.

185 3794 348 3880 Imprimis
379 3798 589 3879 tyrannorum
622 3815 730 3859 servos
761 3794 830 3858 odit
860 3798 893 3857 et
924 3794 1059 3878 despicit
1090 3792 1158 3879 (Or.
1184 3795 1378 3881 888-896,

185 3901 258 3966 Tro.
285 3901 350 3965 425
374 3903 455 3986 sq),
479 3902 534 3965 sed
559 3903 591 3965 et
614 3900 751 3985 reliquos
774 3900 930 3984 increpat.
955 3897 1079 3964 (lhorus
1098 3899 1133 3963 in
1153 3898 1287 3965 Hecuba
1299 3902 1378 3987 (332

186 4011 247 4096 sq.)
279 4009 315 4073 τὸ
348 4009 451 4072 δοῦλον
477 4026 601 4091 semper
624 4006 742 4070 melum
766 4026 833 4070 esse
857 4005 935 4071 dicit
957 4005 1033 4091 quia
1056 4004 1088 4069 ri
1113 4008 1258 4070 coactum
1284 4005 1381 4070 audet

185 4114 289 4179 facere
313 4114 399 4198 quod
423 4112 581 4177 dedeceat.
620 4110 669 4175 Ex
694 4111 867 4175 Alcmeone
892 4112 977 4194 apud
1001 4109 1092 4175 Stob.
1117 4108 1216 4195 (Illor.
1242 4111 1296 4187 62,
1321 4110 1379 4195 22)

187 4222 249 4285 dno
269 4220 421 4305 leguntur
441 4218 575 4296 senarii,
595 4217 711 4303 quibus
730 4216 822 4281 stulti
838 4219 995 4280 vocentur
1007 4216 1061 4300 qui
1074 4237 1163 4281 servo
1176 4216 1319 4281 credant.
1331 4216 1381 4281 Ex

188 4326 368 4392 Alexandro
388 4324 500 4389 tabula
519 4322 674 4408 plurimae
692 4322 870 4387 sententies
890 4321 1046 4386 deservis
1066 4325 1233 4406 excerptae
1252 4325 1329 4387 sunt
1341 4320 1379 4400 ll

192 4475 360 4487 —0-—0-

224 4564 249 4629 1)
267 4563 321 4612 Hoc
334 4563 398 4613 enim
412 4567 465 4613 eret
479 4568 659 4628 argumentum
675 4563 810 4614 Alexander
823 4579 838 4611 a
851 4561 1118 4628 perentibuaexpoaitna
1125 4562 1218 4622 inianr,
1227 4557 1382 4627 apertoribus
