3250 5217
738 424 803 488 103

283 603 301 680 ἦ
323 603 412 683 μέγα
435 626 486 682 μον
510 604 553 669 σὰ
577 605 647 671 θεῶν
672 605 865 684 μελεδήμνθ’
890 606 963 675 ὅταν
988 609 1102 693 <optans
1127 610 1220 695 lady,

287 711 390 784 λύσας
416 719 575 789 capanei·
598 710 715 787 ξύνεσιν
741 712 772 777 δέ
796 713 854 779 τιν’
879 716 980 782 ἐλπίδι
1004 716 1113 782 κεύθων

285 818 433 895 λείπομαι
457 815 487 882 ἓν
512 842 548 881 τε
570 817 685 898 τύχαις
711 820 823 884 θνατῶν
848 822 900 886 acl
926 823 956 887 ἐν
980 821 1116 904 ἔργμασι
1142 824 1287 892 λεύσσων.

218 923 409 989 Huiusmodi
438 923 539 1007 igitur
570 923 732 988 materiem
756 928 927 991 tractando
951 928 1034 992 nihil
1057 933 1153 1013 poeta
1177 934 1365 996 consecutus

173 1034 221 1095 est
251 1030 314 1094 uisi
344 1033 382 1093 ut
411 1030 485 1094 deos
518 1032 700 1095 ostenderet
728 1030 892 1115 aliquanto
915 1034 1012 1098 etiam
1035 1035 1245 1121 improbiores
1267 1059 1363 1122 quam

173 1136 268 1219 vulgo
287 1157 354 1201 esse
369 1135 596 1213 credebantur,
616 1135 762 1202 homines
784 1141 897 1203 contra
913 1140 1118 1219 innocentes,
1137 1180 1178 1191 —
1199 1144 1246 1207 ita
1258 1146 1295 1207 ut
1305 1165 1364 1228 pro

171 1243 330 1309 solutione
352 1263 448 1326 quam
472 1246 637 1327 quaereret
660 1244 757 1307 etiam
781 1244 965 1311 obscuriora
984 1246 1145 1312 inveniret
1163 1250 1364 1334 aenigmata,

172 1354 204 1414 et
225 1350 292 1434 ipse
318 1369 395 1431 ergo
419 1347 522 1413 multo
546 1348 649 1433 magis
673 1367 768 1434 quam
793 1355 889 1415 antea
909 1352 1134 1437 indignaretur
1153 1357 1284 1420 deorum
1305 1378 1364 1420 na-

171 1459 275 1520 turam
300 1454 460 1520 traditam.
704 1526 706 1530 ,

218 1559 384 1645 Oopiosius
403 1562 442 1625 de
461 1558 522 1625 hoe
543 1560 685 1626 dramate
706 1562 838 1627 disserui
858 1564 1011 1647 quoniam
1023 1564 1108 1630 inter
1120 1586 1173 1644 ea,
1185 1586 1266 1650 quae
1278 1570 1365 1631 certo

172 1667 308 1752 tempori
328 1667 485 1750 assignari
496 1669 648 1750 possunt,
662 1667 800 1751 primum
814 1670 960 1752 estquod
973 1672 1103 1735 deorum
1117 1671 1366 1755 vituperationes

173 1774 330 1838 exhibeat.
359 1771 443 1848 Ques
466 1772 580 1837 exinde
602 1773 638 1836 iu
660 1772 791 1860 reliquis
815 1775 968 1839 dramatis
991 1777 1116 1860 saepius
1139 1776 1367 1861 deprehensuri

173 1902 296 1957 sumus,
321 1902 396 1944 nam
416 1901 466 1943 res
485 1878 555 1964 ipsa
574 1881 667 1944 docet
686 1901 757 1944 eum
779 1880 835 1964 qui
855 1881 951 1945 semel
971 1881 1054 1946 viam
1068 1881 1157 1946 illam
1169 1882 1321 1947 declivem
1333 1887 1366 1947 et

173 1986 326 2051 lubricam
349 1986 510 2071 ingressus
534 1985 592 2063 sit,
617 2007 682 2050 non
706 1984 799 2049 facile
822 1985 924 2050 redire
946 1991 1002 2051 aut
1025 1987 1194 2052 subsistere
1217 2009 1320 2072 posse.

215 2093 315 2158 Nulla
339 2095 445 2157 autem
469 2091 578 2157 fabula
601 2092 780 2176 graviorem
800 2091 964 2176 religionis
986 2091 1204 2158 confusionem
1225 2094 1367 2157 ostendit

172 2222 266 2286 quam
297 2199 450 2265 Hercules
476 2197 603 2276 furens,
628 2198 714 2262 haud
739 2198 834 2262 dubie
858 2202 931 2282 post
953 2199 1169 2284 Hippolytum
1193 2200 1288 2263 docta
1311 2200 1365 2281 (cf.

172 2327 225 2392 pg.
253 2307 293 2369 11
318 2312 389 2389 σῳ).
422 2304 570 2370 Herculis
601 2303 742 2368 absentis
770 2326 851 2369 uxor
874 2304 1029 2389 liberique
1052 2328 1125 2371 cnm
1148 2305 1261 2370 vitrico
1284 2305 1365 2370 Am-

172 2412 343 2497 phitryone
370 2412 405 2486 in
433 2432 470 2475 eo
494 2414 585 2476 erant
608 2413 644 2474 ut
667 2410 708 2475 ab
732 2410 824 2475 hoste
846 2410 932 2495 Lyco
956 2412 1175 2476 occiderentur
1197 2410 1259 2475 nisi
1282 2409 1365 2476 Her·

173 2520 256 2584 cules
279 2540 422 2583 reversus
441 2518 633 2582 obtruncato
653 2516 739 2601 Lyco
759 2538 811 2581 eos
831 2520 995 2582 servasset.
1016 2516 1078 2583 Sed
1098 2538 1172 2593 mox
1192 2517 1260 2602 ipse
1279 2517 1367 2582 rabie

172 2625 309 2692 Junonis
343 2625 500 2689 instinctu
535 2628 698 2709 correptus
732 2624 852 2688 inscius
887 2645 1017 2688 uxorem
1052 2623 1231 2709 liberosque
1262 2628 1365 2689 necat.

172 2732 346 2816 Postquam
370 2732 410 2794 ad
435 2733 575 2795 mentem
597 2730 694 2794 rediit
717 2752 836 2815 suaque
860 2730 1022 2814 perspexit
1044 2730 1178 2807 scelera,
1203 2753 1223 2794 a
1244 2729 1366 2795 Theseo
1415 2724 1420 2729 ⁴

172 2841 332 2902 coercetur
360 2835 531 2921 quominus
563 2839 698 2900 mortem
729 2835 790 2899 sibi
822 2835 1015 2913 consciscat,
1044 2838 1077 2899 et
1099 2836 1199 2900 amice
1223 2835 1367 2901 Athenas

172 2943 349 3009 abducitur.

215 3047 290 3134 Ipso
310 3048 417 3113 statim
439 3047 564 3112 fabulae
582 3046 677 3111 initio
696 3046 893 3132 Amphitryo
905 3046 1053 3111 Herculis
1065 3047 1199 3111 salutem
1211 3046 1366 3111 reditum-

171 3177 231 3239 que
251 3158 421 3239 desperans
440 3153 553 3219 Jorem
574 3153 698 3238 probris
718 3153 891 3237 compellat
909 3154 985 3231 (211
1008 3154 1087 3236 sq.):
1101 3152 1243 3236 »Lycum
1260 3151 1367 3236 potius

171 3283 190 3325 a
209 3283 249 3326 se
270 3259 384 3325 vinciri
402 3264 568 3345 oportere,
589 3260 615 3323 si
634 3258 763 3345 Jupiter
780 3261 869 3345 justo
888 3280 966 3343 erga
986 3280 1019 3323 sc
1038 3257 1280 3343 essetanimo”;
1293 3278 1367 3321 mox

171 3367 331 3433 exclamat
349 3367 462 3451 (339):
483 3386 523 3429 »o
543 3366 688 3450 Jupiter,
707 3365 829 3430 frustra
849 3368 882 3429 te
902 3364 1000 3428 habui
1021 3364 1083 3428 tori
1098 3363 1235 3440 socium,
1248 3363 1368 3428 frustra

170 3477 201 3539 te
232 3472 295 3536 mei
327 3472 384 3536 filii
416 3472 593 3557 genitorem
625 3471 879 3556 appellabamus:
907 3492 1044 3535 amare
1068 3473 1112 3534 tu
1135 3468 1365 3553 videbariS,

170 3600 251 3642 non
288 3577 472 3643 amabar:
505 3597 578 3661 ego
618 3576 814 3641 mortalis
846 3579 886 3641 te
917 3596 1110 3660 magnum
1142 3576 1255 3639 deum
1285 3574 1365 3639 vir·

170 3687 260 3749 tute
292 3705 461 3769 super03
494 3683 700 3768 egoenim
724 3704 805 3746 uon
831 3682 1015 3747 destitui
1039 3680 1238 3745 Herculis
1262 3679 1365 3745 libe-

170 3812 241 3856 ros.
264 3789 314 3854 Tu
337 3789 490 3855 lectum
514 3790 679 3875 quidem
703 3790 807 3854 clam
833 3790 1118 3853 conscendere
1141 3786 1367 3870 alienaque

171 3895 395 3983 voluptate
425 3894 511 3960 frui
542 3894 722 3980 sciebas,
749 3894 1019 3979 propinquos
1047 3913 1145 3957 vero
1168 3895 1262 3956 tuos
1285 3912 1368 3956 ser-

171 4022 267 4065 vare
291 4000 462 4066 nescis‘'.
490 3999 637 4066 Herculis
661 4002 781 4066 reditus
801 4000 880 4064 haee
900 4000 1034 4084 quidem*
1046 3997 1181 4063 crimina
1200 3996 1282 4061 falsa
1302 4018 1369 4061 esse

171 4108 305 4194 evincit,
350 4108 404 4173 sed
448 4111 556 4172 tamen
589 4107 765 4192 impietatis
800 4106 1023 4191 gravissimum
1061 4108 1109 4168 est
1142 4103 1297 4167 indicium
1332 4103 1368 4167 in

170 4213 263 4279 rebus
293 4214 433 4279 adversis
463 4213 542 4278 talia
570 4213 704 4278 effutire.
736 4212 820 4277 Tum
842 4212 916 4276 finis
939 4210 1067 4276 fabulae
1091 4210 1225 4275 crimina
1248 4210 1367 4274 confir·

170 4342 255 4385 mare
292 4320 433 4397 videtur3
467 4322 500 4385 et
533 4321 702 4404 postquam
735 4317 891 4383 Hercules
922 4317 1084 4382 intellexit
1114 4315 1276 4381 Junonem
1311 4315 1381 4379 de·-

170 4425 308 4490 mentiao
350 4448 425 4491 suae
466 4429 628 4490 auctorem
664 4424 762 4490 fuisse
800 4423 912 4488 acerbe
947 4444 1016 4486 eam
1049 4422 1196 4507 increpat
1230 4420 1366 4505 (1303):

170 4530 289 4597 »Nunc
308 4531 446 4598 exsultet
462 4531 585 4616 inclyta
603 4531 693 4597 Jovis
714 4550 793 4594 uxor
813 4528 942 4614 Olympi
955 4528 1058 4593 solum
1072 4527 1220 4612 pulsans:
1233 4524 1367 4610 perfecit
