3250 5217
791 410 853 475 172

476 655 494 739 ξ
520 656 550 718 2.
575 654 626 720 Dc
649 656 766 719 diuitiis
789 667 817 719 et
840 654 999 718 ordinibus
1022 654 1168 720 ciuilibus.

269 834 480 901 Transeamus
511 841 553 902 ad
582 859 632 903 res
663 841 828 914 amornec,
859 858 940 922 quae
969 836 1029 901 elsi
1060 837 1182 920 optimo
1214 838 1348 921 cuique,
1381 840 1417 901 ul

226 940 332 1006 Stoico
364 943 461 1007 verbo
493 949 580 1027 utar,
616 944 773 1024 ἀδιάφοροι
803 966 870 1008 csse
902 943 1067 1022 videnlur,
1090 947 1199 1008 tamen
1223 966 1280 1027 per
1303 948 1419 1009 cuncla

225 1050 351 1113 saecula
380 1050 517 1114 maxime
547 1052 691 1115 omnium
723 1072 829 1115 rerum
861 1050 1008 1114 homines
1039 1050 1073 1114 in
1104 1051 1266 1115 communi
1300 1052 1417 1115 civium

225 1154 374 1219 societate
398 1155 602 1239 distinguunt
626 1178 662 1221 ac
686 1160 848 1241 separant.

271 1259 375 1345 Supra
401 1262 469 1345 jam
494 1262 629 1327 vidimus
654 1259 720 1347 (p'g.
748 1262 827 1347 142)
851 1284 985 1347 magnas
1008 1284 1084 1347 opes
1106 1261 1177 1326 ideo
1202 1262 1242 1325 ab
1265 1260 1418 1347 Euripide

226 1366 418 1450 improbari,
449 1368 535 1451 quod
567 1390 660 1453 saepe
694 1369 843 1453 snperbia
867 1370 982 1433 inflent
1004 1368 1149 1432 homines
1173 1370 1206 1432 elz
1227 1368 1262 1432 in
1286 1368 1420 1453 injurias

226 1472 414 1556 proripiant.
438 1472 500 1539 Sed
523 1474 619 1538 eliam
644 1474 721 1538 alias
745 1475 786 1539 ob
809 1496 920 1539 causas
944 1476 972 1539 ei
995 1474 1143 1539 videnlur
1166 1474 1318 1538 vitandae
1342 1495 1418 1539 esse.

225 1576 409 1662 Aliquando
437 1580 564 1663 quidem
596 1603 648 1644 eas
680 1580 792 1646 laudal
820 1581 938 1666 quippe
962 1580 1146 1645 utilissimas
1170 1579 1205 1643 in
1228 1580 1339 1645 amicis
1362 1580 1419 1644 ad·

221 1684 372 1768 juvandis
403 1688 436 1749 el
457 1685 493 1749 in
516 1690 656 1750 curando
681 1707 812 1771 corpore
836 1691 987 1771 aegroto,
1010 1690 1046 1750 ui
1069 1686 1211 1771 agricola
1234 1686 1270 1750 in
1292 1685 1421 1750 Electra

226 1790 304 1875 (426
336 1791 420 1875 sqq.)
442 1782 597 1875 'ingenua
629 1795 765 1857 testatur
796 1793 958 1858 sententia
970 1792 1014 1871 1)‚
1041 1831 1081 1841 -
1107 1792 1161 1857 sed
1187 1793 1288 1856 mulio
1312 1792 1420 1876 plures

224 1898 353 1959 exstant
375 1896 437 1960 loci
460 1897 576 1982 quibus
598 1898 837 1983 despiciuntur,
858 1898 976 1983 quippe
996 1920 1077 1981 quaa
1096 1921 1115 1962 a
1136 1898 1272 1983 pessimo
1292 1919 1420 1983 quoqne

225 2001 371 2086 conquiri
393 2003 516 2086 possint
539 2003 699 2089 (Alcman.
720 2004 758 2071 lr.
781 2006 844 2081 96,
865 2005 990 2088 Polyid.
1011 2003 1051 2067 fr.
1071 2005 1168 2088 642),
1184 2007 1340 2088 aptaeque
1352 2004 1418 2069 sini

225 2108 265 2171 ad
281 2112 478 2173 enervandas
498 2109 757 2195 hebetandosqne
774 2111 891 2175 civium
912 2111 1051 2187 animos,
1064 2131 1144 2193 quos
1157 2118 1269 2173 contra
1280 2131 1417 2193 pauper·

85 2224 92 2229 “
224 2217 274 2277 tas
298 2218 330 2279 ei
348 2216 516 2299 angustiae
539 2216 673 2279 reddant
693 2219 827 2281 audaces
846 2217 1054 2301 laborumque
1074 2215 1232 2301 patientes
1252 2216 1358 2299 (Alex.
1377 2214 1418 2281 fr.

226 2319 288 2396 55,
318 2319 447 2385 Archel.
472 2321 509 2385 fr.
536 2322 620 2405 237,
645 2322 767 2407 Polyid.
793 2322 832 2387 lr.
858 2324 941 2406 642,
965 2322 1096 2405 Teleph.
1120 2319 1160 2387 fr.
1187 2322 1277 2406 719).
1306 2320 1419 2405 ltaque

224 2426 414 2510 indignatur
448 2427 575 2491 divitias
610 2449 707 2511 supra
737 2428 799 2492 alia
831 2430 940 2492 omnia
970 2428 1119 2493 laudibus
1143 2427 1255 2492 extolli
1278 2426 1419 2511 (Danaes

225 2530 263 2595 fr.
291 2533 372 2609 329,
397 2531 473 2599 Eur.
496 2533 536 2597 fr.
562 2534 645 2616 379,
671 2532 802 2617 Thyest.
827 2534 867 2598 fr.
895 2535 984 2617 399).
1008 2533 1092 2598 Nam

318 2638 460 2715 κρείσσων
485 2640 515 2703 δὲ
539 2640 630 2715 βαιὸς
655 2636 746 2716 ὄλβος
772 2639 927 2716 οὶβλοὶβης
951 2640 1071 2719 βροτοῖς

319 2744 442 2821 idcina
468 2750 590 2823 πλούτῳ
611 2743 765 2823 δυσσεβῶς
787 2746 966 2824 ὠγκωμένος
987 2744 1038 2828 (fr.
1064 2745 1129 2809 822
1154 2743 1288 2821 Phoen.)
1304 2742 1341 2827 2).

270 2941 402 3007 Generis
425 2942 577 3007 nobilitas
602 2943 631 3006 ei
654 2942 773 3007 diviliis
797 2947 959 3028 praeclare
982 2944 1117 3009 ridetur.
1139 2942 1321 3028 Aliquando
1341 2963 1419 3025 ergo

224 3048 452 3135 (Andromach.
477 3050 562 3114 1279
587 3071 675 3134 sqq.;
699 3050 824 3115 Archel.
849 3050 889 3113 ir.
916 3052 995 3135 234)
1017 3051 1109 3135 jubel
1133 3072 1202 3128 cos,
1226 3050 1282 3133 qui
1306 3048 1418 3112 mairi-

223 3156 368 3220 monium
399 3156 512 3220 inituri
542 3155 625 3232 sini,
658 3156 763 3241 polius
795 3156 921 3221 fulturae
950 3158 1097 3239 conjugis
1120 3157 1205 3233 γένος
1231 3178 1327 3240 quain
1351 3176 1418 3219 rem

222 3261 410 3325 familiarem
442 3261 615 3346 inquirere,
648 3261 846 3345 irridensque
880 3262 1018 3325 affirmat
1039 3262 1185 3326 homines
1218 3261 1419 3325 nobililalcm

222 3368 349 3453 quidem
371 3367 500 3432 laudare
519 3368 573 3432 sed
594 3390 666 3432 cum
688 3367 848 3452 opulentis
859 3368 1046 3432 affinitatem
1058 3389 1209 3452 quaerere
1221 3368 1364 3451 (Thyoei.
1378 3368 1418 3431 fr.

223 3475 312 3559 399).
337 3473 467 3559 Saepius
488 3496 563 3538 vero
584 3474 766 3539 enuntiavit
784 3496 898 3557 parum
919 3474 1036 3539 referre
1056 3496 1119 3558 quo
1140 3473 1210 3538 loco
1231 3474 1301 3557 quis
1322 3476 1419 3537 natus

221 3581 272 3645 sil.
308 3580 358 3644 Ex
381 3579 565 3645 Alexandro
591 3585 734 3664 superest
757 3582 919 3646 canticum
949 3580 1001 3666 (fr.
1027 3582 1102 3666 53),
1127 3580 1417 3665 quo'nobililaiem

222 3688 347 3771 generis
367 3686 497 3751 laudare
521 3685 741 3767 περισσόμοθον
761 3686 896 3752 dicitur:

450 3793 484 3857 τὸ
508 3793 571 3873 γὰρ
596 3792 699 3857 πάλος
724 3792 776 3856 xci
802 3794 917 3872 πρῶτον
942 3787 987 3855 ir’
1012 3791 1201 3871 ἐγενόμεθα,

450 3900 556 3975 ὃμοίοον
579 3900 661 3981 χθὼν
685 3895 803 3964 ἅπασιν
829 3898 1044 3974 ἕξεποοίδευσεν
1068 3898 1203 3983 ipsust).

226 4046 366 4055 ——-...-
386 4048 394 4050 ⁴
405 4047 415 4051 ..

257 4134 283 4198 1)
302 4133 455 4198 Impudenles
475 4134 529 4183 auri
546 4134 640 4193 laudes,
665 4150 723 4198 quas
739 4134 764 4183 in
784 4136 865 4183 Danae
882 4134 969 4198 aliquis
987 4132 1100 4183 fundebat
1117 4133 1159 4196 (fr.
1179 4133 1256 4197 326),
1272 4148 1320 4182 non
1337 4148 1421 4183 verum

221 4220 304 4282 poetae
326 4216 468 4265 sententiam
492 4218 625 4281 exprimere
649 4206 740 4281 et'pcr
764 4231 788 4264 ee
806 4220 873 4281 petel
890 4221 914 4265 et
930 4232 974 4282 par
991 4215 1153 4264 narrationem
1171 4216 1271 4264 Scaeam
1289 4214 1338 4279 (cp.
1356 4216 1419 4274 1155

222 4298 249 4347 in
271 4297 343 4346 titulo
366 4296 459 4347 fabulae
481 4298 585 4356 erravit,
611 4314 633 4348 v.
656 4298 729 4350 Diud.
746 4298 824 4348 ad'ir.
843 4299 922 4359 illud).
949 4299 978 4347 In
997 4297 1141 4347 Andromcd.
1158 4296 1190 4349 fr.
1208 4297 1256 4346 143
1274 4312 1360 4346 curum
1376 4312 1421 4361 per

224 4378 326 4429 ironiam
343 4378 462 4428 laudatur.

258 4461 285 4526 2)
303 4462 339 4511 Ol.
361 4461 392 4510 fr.
414 4462 461 4511 inc.
484 4463 533 4511 884
555 4467 578 4511 et
602 4464 650 4514 885
675 4465 704 4513 de
720 4478 801 4514 mensu
819 4464 918 4515 modica.
935 4464 1055 4528 Magnum
1071 4478 1198 4522 numerum
1215 4461 1352 4511 huiusmodi
1368 4478 1420 4512 scn-

221 4544 353 4595 sentiarum
370 4543 436 4595 stou.
453 4544 492 4593 tu.
512 4544 543 4594 93
561 4544 665 4609 collegit.
