3250 5217
719 402 849 468 '68

470 588 495 652 εί
520 586 580 664 μὲν
599 587 671 667 πρὸς
697 587 802 665 αὐγάς
827 587 930 666 ἡλίου,
954 588 1116 667 χρυσωπὸν
1140 580 1174 660 ἦν

351 722 353 726 ’
471 693 610 771 νῶτισμα
633 692 734 773 ί·νρρίο
759 696 784 759 εί
808 693 841 759 δὲ
864 693 935 776 πρὸς
959 692 1037 774 νίφιρ
1060 693 1173 773 βάλοι,

471 796 675 865 κυανοιπὸν“
653 824 689 871 ως
714 824 760 871 τις
779 795 854 878 Ἶρις
879 802 1036 879 άνταυγεῖ
1056 801 1170 884 σέλας,

232 930 312 993 quos
331 906 444 973 Valek
466 909 532 993 (pg.
558 908 621 971 194
641 908 702 992 sq)
721 907 861 992 conjecit
878 929 917 972 ex
929 906 1092 991 Euripidis
1106 903 1229 991 Oedipo
1240 844 1425 991 desumptos

232 1037 308 1079 esse.
344 1012 433 1089 Quod
469 1012 596 1097 quidem
628 1033 684 1097 per
714 1035 765 1077 me
795 1013 888 1099 licet3
919 1035 1030 1079 verum
1053 1034 1151 1099 quare
1173 1036 1206 1079 se
1231 1036 1296 1079 non
1321 1014 1427 1078 tenuit

232 1122 311 1207 quin
334 1122 373 1185 de
392 1119 585 1203 Anaxagora
604 1118 724 1204 aliquid
744 1066 919 1204 adjiceret?
939 1118 1090 1187 Scholion
1110 1120 1197 1185 enim
1217 1120 1370 1185 Leidense
1382 1123 1424 1184 ad

231 1228 328 1295 Hom.
352 1227 391 1293 Il.
416 1226 495 1291 XVI
520 1226 583 1291 547
607 1226 760 1310 protulit,
784 1248 849 1311 quo
871 1226 1005 1311 legitur:
1024 1224 1242 1306 Ἀναξαγόρας
1260 1225 1293 1291 δέ
1311 1234 1424 1305 φησιν·

226 1334 301 1414 Ἶρις
334 1334 494 1415 νεφέλρσιν
526 1331 719 1409 άντιλάροπει
751 1334 792 1412 τῷ
828 1334 914 1412 ἡλίῳ.
946 1331 1022 1398 Non
1050 1332 1152 1417 igitur
1174 1332 1343 1417 Euripides
1366 1353 1424 1398 suo

229 1440 360 1525 ingenio
391 1461 460 1504 eam
483 1439 753 1524 comparationem
778 1438 933 1523 Sphingis
956 1443 988 1503 et
1013 1460 1105 1504 arcus
1128 1439 1273 1505 coelestis
1297 1439 1423 1524 excogi-

229 1553 298 1613 tare
320 1547 449 1633 potuit?
473 1546 554 1610 Mihi
577 1546 700 1611 ridetur
723 1540 865 1631 quisquis
886 1545 950 1609 fuit
975 1546 1105 1610 illorum
1123 1568 1272 1611 versuum
1289 1546 1425 1630 scriptor

229 1654 290 1720 hoe
319 1657 445 1718 tantum
477 1652 630 1719 voluisse:
667 1651 812 1737 sphingis
844 1656 989 1737 tergum,
1022 1655 1120 1736 prout
1150 1652 1185 1716 in
1217 1652 1288 1717 luce
1310 1652 1424 1715 autin

230 1762 345 1825 umbra
355 1760 495 1845 positum
508 1761 606 1837 esset,
619 1758 817 1843 splenduisse
829 1759 924 1823 variis
935 1759 1094 1834 coloribus
1104 1807 1112 1837 ,
1124 1764 1168 1825 ut
1187 1758 1271 1825 Iris
1290 1759 1424 1824 variis

231 1868 430 1953 splendet
460 1865 693 1951 coloribus,
727 1865 793 1930 sive
826 1865 971 1950 quales
994 1865 1124 1930 habet
1147 1865 1245 1942 Iris;
1271 1868 1423 1951 quemad·

231 1977 361 2040 modum
384 1971 479 2039 Hom.
504 1972 543 2037 Il.
568 1970 615 2037 XI
639 1972 697 2061 26:

368 2080 528 2145 κυάνεοι
553 2079 591 2144 δὲ
615 2076 832 2158 δράκοντες
857 2077 1046 2158 ὀρωρέχαται
1070 2079 1156 2157 προτὶ
1181 2077 1296 2159 δειρὴν,

367 2194 446 2267 τρεῖς
471 2186 626 2264 ἑκάτερθ’,
650 2184 800 2265 ίρισσιν
825 2186 1021 2264 ἐοικότες,
1046 2181 1126 2251 άστε
1150 2186 1276 2265 Κρονίων

368 2295 398 2357 ἐν
422 2296 512 2371 νέφεϊ
534 2290 677 2375 στήριξε,
692 2338 790 2357 .....

276 2400 360 2466 Nam
381 2400 443 2464 nisi
461 2399 522 2463 hoc
542 2402 636 2464 modo
656 2398 874 2483 interpreteris
894 2398 1040 2481 liberine,
1061 2398 1142 2463 falsa
1157 2403 1206 2464 est
1219 2400 1424 2484 comparatio.

231 2506 443 2625 Numquam
446 2506 531 2570 enim
563 2526 654 2569 arcus
683 2504 801 2570 colores
833 2505 951 2583 variat,
983 2527 1086 2590 neque
1109 2506 1207 2570 solem
1231 2506 1283 2570 vel
1307 2507 1425 2571 nubem

231 2612 447 2697 repercuti
454 2609 633 2695 tSemper
658 2615 694 2676 ut
716 2613 870 2695 appareat
855 2610 993 2676 ttsole
979 2612 1113 2676 tnubes
1134 2616 1327 2678 concurrent
1345 2634 1426 2697 opus

231 2724 279 2783 est
314 2722 346 2782 et
380 2739 504 2803 semper
534 2717 617 2781 idem
650 2722 767 2783 manet.
801 2716 869 2782 Isto
900 2738 1026 2802 quoque
1056 2716 1184 2783 Scholio
1216 2718 1426 2804 Anaxagoras

232 2823 313 2888 nihil
344 2823 424 2887 dixit
454 2823 515 2887 nisi
546 2822 626 2887 hoc:
649 2823 741 2888 Iris
731 2846 767 2887 1n
792 2823 931 2888 nubibus
953 2845 992 2888 ex
1016 2824 1148 2889 adverso
1172 2824 1247 2889 solis
1268 2825 1373 2910 fulget
1383 2825 1424 2913 1);

232 2951 288 2995 eur
305 2930 405 3015 igitur
424 2929 683 2995 Valet-confert
701 2930 904 3008 sententiam,
924 2951 1005 3015 quae
1024 2930 1105 2995 nihil
1121 2931 1208 2995 aliud
1224 2932 1316 2996 docet
1328 2954 1425 3015 quem

231 3037 265 3100 id
295 3040 382 3121 quod
405 3036 622 3120 unusquisque
646 3041 752 3120 potest
774 3036 891 3113 videre,
919 3036 982 3100 nisi
1006 3058 1073 3101 eam
1100 3037 1182 3101 male
1206 3036 1424 3104 intellexerit?

276 3142 310 3209 si
328 3148 423 3228 poeta
442 3142 615 3226 imaginem
631 3141 785 3207 adhibere
804 3142 950 3220 volebat,
971 3164 1052 3227 quae
1072 3164 1202 3226 prorsus
1214 3148 1425 3228 congrueret,

232 3249 338 3333 potius
362 3268 449 3313 mare
468 3268 657 3333 componere
674 3248 850 3326 debuisset,
870 3248 956 3332 quod
976 3252 1072 3333 prout
1090 3248 1166 3313 solis
1184 3249 1289 3313 radios
1309 3249 1426 3335 excipit

233 3358 289 3420 aut
312 3354 451 3419 nubibus
475 3376 493 3417 a
511 3354 577 3418 sole
598 3354 824 3419 intercluditur
841 3355 1004 3434 χρυσωπὸν
1025 3358 1158 3439 apparet
1177 3358 1234 3418 aut
1254 3356 1424 3422 κυαναπίν.

234 3461 290 3528 Vs.
315 3461 409 3525 tertio
433 3460 592 3545 particula
617 3484 661 3531 τις
683 3481 809 3545 quoque
829 3459 941 3525 leviter
961 3459 1111 3543 offendit,
1133 3462 1345 3546 quapropter,
1363 3462 1426 3527 nisi

232 3589 323 3633 arcus
351 3567 494 3632 coelestis
518 3567 713 3651 comparatio
737 3569 974 3651 quodammodo
998 3566 1132 3631 Homeri
1155 3569 1345 3634 auctoritate
1369 3572 1425 3633 de-

231 3673 430 3752 fenderetur,
462 3695 563 3758 paene
594 3674 770 3758 suspicarer
786 3657 860 3756 'pro
885 3668 1110 3745 accusatricis
1136 3698 1197 3746 τις
1215 3669 1290 3754 Ἶρις
1315 3676 1425 3760 legen·

116 3836 117 3841 ,
232 3781 308 3845 dum
331 3802 398 3845 csse
421 3779 578 3845 κυανυπὸν
601 3782 646 3851 cic
670 3780 828 3860 σίδηρος
854 3780 1010 3857 άνταυγεῑ
1031 3778 1136 3851 τίλας.

277 3996 400 4062 Probus
424 3997 459 4061 in
482 3995 574 4081 Virg.
600 3994 668 4061 idel.
693 3994 750 4060 VI.
773 3995 834 4073 31,
855 4000 891 4058 ut
909 3994 1048 4079 explicet
1066 4014 1176 4059 vocem
1199 3995 1327 4060 inane
1350 4000 1423 4061 ae'ra

232 4102 410 4188 significare
428 4124 445 4167 e
464 4100 628 4186 tragoedia
646 4098 766 4166 Cadmo
786 4100 865 4165 haec
888 4100 967 4165 citat
988 4100 1101 4165 vitiose
1121 4101 1241 4185 scripta
1258 4100 1311 4186 (fr.
1325 4100 1422 4187 451):

236 4268 415 4281 —--=-—·---·¹

267 4371 294 4436 1)
310 4370 517 4435 Quemadmodum
541 4369 567 4419 in
592 4370 656 4419 Plac.
675 4370 737 4421 Phil.
757 4371 807 4421 III.
827 4373 841 4420 5
859 4371 888 4420 de
902 4371 968 4420 Iride
985 4372 1069 4421 dixisse
1085 4372 1179 4423 fertur:
1200 4371 1351 4423 ,ἀνάκλασιν
1371 4373 1421 4424 άπὸ

227 4450 314 4514 νέφους
336 4453 427 4499 πυκνοῦ
450 4453 496 4509 τῆς
519 4449 623 4509 ἡλιακῆς
645 4452 824 4515 περιφεγγείας
841 4454 993 4517 καταντικρὺ
1013 4451 1041 4503 dt
1058 4455 1105 4503 roll
1125 4452 1340 4519 κατοπτρίζοντος
1356 4452 1420 4505 αιἰτο

231 4530 336 4594 άστέρος
354 4528 505 4593 διαπαντὸς
523 4532 651 4584 ἵστασθαι.
