3250 5217
722 424 732 445 .
788 386 852 451 208

227 568 373 653 exempla
407 567 467 632 sibi
490 568 681 653 petiverunt.
708 568 845 635 Cantica
867 568 1017 634 omuibus
1040 570 1076 635 in
1100 591 1154 635 ore
1178 573 1268 649 sunt,
1292 573 1423 636 senten·

226 675 290 741 tiae
314 672 549 759 philosophicae
573 679 605 739 et
628 674 763 741 morales
783 674 901 759 ubique
922 674 1199 743 circumferuntur.
1224 674 1423 761 Chrysippus

226 784 265 847 iis
297 782 415 867 scripta
445 804 503 846 sua
526 780 685 865 opplevit,
712 781 881 866 scriptores
905 778 1082 847 Christiani
1099 804 1152 849 aas
1168 782 1422 867 frequentissime

227 889 337 954 citant.
364 887 500 952 Romani
524 908 596 951 eum
620 888 743 952 assidue
767 886 896 971 legunt,
918 887 1105 966 imitantur,
1127 892 1256 953 vertunt
1276 888 1420 953 barbara.

226 993 352 1059 Ennius
382 992 603 1078 philosophica
633 994 788 1077 quaedam
812 996 853 1057 ad
877 993 1009 1066 verbum
1034 994 1202 1079 expressit3
1229 994 1273 1059 M.
1298 993 1420 1059 Tullius

228 1122 353 1186 quoque
376 1100 417 1164 ab
440 1122 476 1165 co
499 1098 636 1184 plurima
660 1100 821 1183 praeclaro
844 1100 931 1165 dictu
956 1099 1082 1177 laudat,
1107 1099 1285 1185 Latineque
1307 1100 1417 1177 vertit3

228 1206 427 1291 Quintusque
458 1206 556 1270 frater
587 1208 627 1270 ed
658 1204 808 1270 tironem
833 1205 872 1270 de
892 1227 929 1271 eo
954 1205 1081 1271 scribit:
1106 1206 1180 1272 »cui
1203 1208 1239 1271 tu
1262 1209 1418 1291 quantum

228 1316 337 1379 credas
356 1313 476 1390 nescio,
497 1332 556 1395 ego
576 1316 660 1377 certe
679 1312 824 1396 singulos
843 1334 951 1377 versus
970 1313 1098 1397 singule
1114 1314 1296 1378 testimonia
1307 1313 1419 1397 puto”.

230 1420 309 1485 Eum
332 1424 444 1504 poetae
468 1418 582 1503 tragici
604 1417 806 1503 Francogalli
829 1418 943 1484 aetatis
965 1419 1067 1483 multo
1086 1420 1284 1504 recentioris,
1307 1440 1420 1504 quam-

228 1549 324 1611 quam
347 1547 445 1610 purae
468 1526 546 1589 artis
569 1524 712 1610 exempla
735 1526 841 1609 potius
864 1548 881 1589 e
904 1528 1081 1591 ceterorum
1105 1526 1298 1610 tragicorum
1320 1525 1420 1591 Grae-

229 1654 337 1699 corum
361 1632 508 1716 operibus
528 1634 665 1716 peteuda
686 1636 794 1709 eraut,
815 1635 921 1696 tamen
943 1631 1127 1717 Euripidem
1149 1633 1210 1698 sibi
1229 1632 1420 1697 imitandum

229 1761 296 1805 csse
314 1738 559 1816 intellexerunt,
583 1740 669 1822 quod
692 1738 733 1805 cd
755 1738 968 1804 recentiorum
993 1737 1159 1803 homiuum
1171 1738 1420 1823 intelligentiam

230 1848 264 1910 at
285 1866 388 1910 mores
411 1844 546 1937 propius¹
564 1846 735 1909 accederet.

276 1954 438 2037 integrum
465 1951 583 2016 librum
612 1950 714 2035 possit
743 1950 901 2035 complere
933 1950 1031 2035 siquis
1062 1949 1224 2034 Euripidis
1247 1951 1420 2017 auctorita·

229 2062 295 2124 tom
326 2058 409 2142 apud
440 2061 583 2141 posteros
611 2056 804 2141 iuvestigare
836 2060 869 2120 et
899 2057 939 2121 sd
971 2056 1130 2122 levissima
1153 2079 1252 2142 usquo
1274 2058 1423 2144 persequi

229 2165 375 2231 voluerit.
1071 2162 1073 2166 ’

275 2270 346 2356 Ego
369 2291 444 2336 vero
466 2270 564 2337 finem
589 2271 717 2335 tandem
741 2269 908 2354 imponam
930 2270 1099 2355 scriptioni
1118 2292 1223 2349 meaa,
1243 2293 1307 2356 qua
1325 2293 1416 2357 spero

231 2399 281 2442 me
304 2380 345 2443 ad
367 2380 622 2463 cognoscendum
644 2375 806 2460 Euripidis
829 2376 995 2460 ingenium
1018 2376 1138 2461 aliquid
1161 2377 1342 2443 contulisse.
1402 2366 1405 2369 ⁴
