3250 5217
815 418 877 481 166

294 587 460 667 Praeterea
496 588 655 686 vituperat
686 600 886 665 severitatem
918 601 951 663 et
983 595 1156 663 duritatem
1188 592 1264 683 erga
1294 596 1440 663 infelices

249 707 340 792 (Inus
364 708 401 772 fr.
427 708 492 771 410
517 709 599 794 sq.)‚
624 706 826 772 commendat
852 705 1107 771 misericordiam.

498 961 517 1035 ἓ
542 956 571 1020 7.
610 954 693 1034 Quid
714 956 897 1019 desummo
919 955 1031 1018 virtute
1053 954 1189 1018 emunit.
1233 1036 1235 1038 ‚

295 1136 365 1201 Hae
396 1138 524 1221 quidem
550 1136 727 1201 sententiae
750 1135 896 1219 singulae
919 1134 1062 1199 excelsae
1085 1136 1181 1219 sunt,
1205 1156 1315 1199 verum
1338 1135 1441 1219 qualis

248 1244 348 1327 igitur
371 1245 484 1328 poetae
508 1242 757 1307 summovimus
780 1244 829 1306 est
851 1241 942 1305 visa?
977 1239 1072 1305 Hanc
1101 1240 1168 1325 ipse
1191 1240 1315 1305 disertis
1339 1240 1441 1305 verbis

248 1372 314 1414 non
339 1349 494 1415 definivit.
519 1348 699 1435 Supersunt
722 1369 798 1412 sane
822 1347 907 1432 apud
931 1346 1020 1412 Stob.
1046 1346 1129 1432 (flor.
1143 1345 1170 1411 I.
1184 1348 1218 1433 8)
1238 1368 1278 1411 ex
1297 1344 1440 1432 Antiopa

228 1451 326 1522 ‘haec
347 1457 398 1543 (fr.
420 1457 517 1543 219):

428 1570 507 1643 τρεῖς
534 1564 607 1628 εἰσιν
631 1562 758 1642 ἀρεταὶ,
784 1562 842 1633 τὰς
866 1560 963 1641 χρεών
986 1562 1015 1625 σ’
1029 1561 1152 1638 ἀσκεῖν,
1178 1560 1297 1645 τέκνον,

429 1669 510 1743 θεούς
536 1693 570 1734 τε
594 1672 689 1745 τιμᾶν
713 1666 783 1740 τούς
808 1693 842 1733 τε
868 1667 1042 1748 θρέψαντας
1065 1674 1168 1746 γονεῖς

427 1774 534 1851 νόμους
561 1801 596 1841 τε
622 1776 732 1846 κοινοὺς
759 1774 931 1846 Ἑλλάδος·
957 1774 1009 1839 nal
1034 1778 1139 1837 ταῦτα
1165 1773 1235 1851 δρῶν

427 1882 595 1950 κάλλιστον
620 1879 696 1961 ἕξεις
721 1882 877 1961 στέφανον
902 1881 1047 1949 εὐκλείας
1071 1880 1131 1945 ἀεί.

292 1988 413 2054 Verum
436 1988 486 2054 his
510 1990 616 2074 potius
640 1989 786 2073 singulae
810 1987 964 2072 quaedam
986 1986 1121 2051 virtutes
1141 1988 1370 2051 enumerantur
1383 2008 1440 2050 ne·

247 2117 309 2180 que
332 2094 507 2180 explicatur
531 2096 698 2161 universae
721 2093 850 2159 virtutis
873 2094 964 2158 ratio.
990 2092 1072 2157 Tum
1090 2092 1181 2158 valde
1193 2092 1379 2177 ambiguum
1392 2098 1441 2157 est

247 2224 323 2266 num
344 2204 446 2265 totam
464 2206 576 2286 poetae
589 2200 780 2284 sententiam
792 2200 888 2285 plane
900 2200 1096 2285 exprimant3
1110 2199 1186 2284 quia
1198 2198 1282 2263 enim
1297 2199 1442 2264 redolent

246 2310 390 2391 tempore
422 2306 572 2391 antiqua,
597 2306 766 2372 verisimile
790 2310 840 2371 est
862 2306 995 2371 Zethum
1020 2328 1056 2371 ea
1078 2305 1322 2391 pronuntiasse,
1345 2328 1440 2390 quem

247 2413 363 2477 scimus
387 2411 515 2477 illorum
543 2416 724 2497 temporum
748 2412 859 2477 laudes
882 2412 1066 2497 opposuisse
1090 2412 1192 2476 otioso
1217 2410 1317 2478 cultui
1330 2411 1440 2477 Musa·

245 2541 315 2583 rum
330 2541 348 2581 a
361 2522 456 2603 poeta
475 2541 532 2603 per
551 2518 743 2603 Amphionis
763 2541 931 2604 personam
948 2518 1089 2583 laudato.
1107 2518 1228 2583 Verum
1240 2517 1351 2583 multis
1362 2518 1440 2582 locis

245 2623 415 2709 Euripides
446 2624 601 2709 expressit
633 2625 784 2689 virtutem
808 2648 876 2690 esse
901 2626 1032 2689 maximi
1056 2624 1168 2708 pretii:
1194 2646 1353 2688 summum
1381 2624 1440 2688 bo·

247 2752 322 2795 num
346 2752 415 2793 eam
440 2730 519 2795 dicit
542 2729 594 2816 (fr.
619 2731 682 2795 inc.
714 2732 833 2817 1017),
858 2733 890 2795 et
913 2731 1070 2815 imprimis
1094 2730 1155 2795 hoc
1179 2730 1309 2795 nomine
1330 2730 1441 2795 laudat

245 2839 331 2921 quod
355 2836 417 2899 emi
441 2858 508 2900 non
531 2839 654 2921 potest,
679 2858 779 2921 neque
803 2859 823 2901 a
847 2857 962 2921 genere
983 2840 1103 2922 pendet
1123 2836 1272 2923 (Meleag.
1292 2836 1331 2904 fr.
1346 2836 1437 2923 531).

243 2941 327 3006 Nam
363 2941 506 3028 probitas
540 2946 683 3027 praestat
718 2944 820 3009 nobili
857 2947 929 3008 ortu
964 2942 1017 3029 (fr.
1044 2945 1064 3008 9
1097 2940 1220 3029 Aeol.);
1253 2943 1359 3028 justus
1392 2943 1441 3007 vir

243 3069 315 3114 rere
347 3052 395 3113 est
427 3050 572 3127 εὐγενὴς,
606 3050 746 3134 injustus
770 3071 863 3128 vero,
888 3050 1013 3114 etiamsi
1037 3050 1104 3115 eius
1127 3053 1219 3135 pater
1240 3049 1321 3115 Jove
1344 3050 1437 3115 nobi-

243 3153 305 3217 lior
335 3155 394 3232 sit‚
428 3154 574 3232 δυσγενὴς
608 3156 732 3221 ridetur
763 3154 861 3242 (Dict.
887 3156 927 3219 fr.
953 3155 1044 3231 345).
1081 3154 1117 3219 [u
1141 3155 1232 3220 malis
1255 3154 1438 3220 hominibus

244 3259 333 3323 nulla
363 3264 411 3325 est
443 3261 595 3326 nobilitas
628 3263 682 3327 sed
714 3262 749 3326 in
776 3261 867 3327 bonis
891 3264 1019 3325 tantum
1043 3259 1148 3348 (Alex.
1175 3263 1213 3327 fr.
1239 3262 1311 3347 54);
1338 3284 1441 3347 neque

244 3364 374 3429 divitiae
398 3366 466 3431 sine
490 3368 609 3434 virtute
633 3368 729 3431 ullius
753 3371 830 3433 sunt
852 3367 956 3452 pretii.

290 3471 399 3550 Ἀρετὴ
434 3476 542 3537 autem
569 3472 653 3557 apud
677 3472 814 3539 Graecos
838 3472 900 3536 luit
923 3472 1074 3558 perfectio
1095 3472 1223 3537 illarum
1246 3472 1437 3538 facultatum

243 3598 324 3661 quae
348 3578 450 3641 virum
476 3577 599 3643 faciunt
620 3578 744 3662 egendo
768 3581 934 3642 strenuum
955 3579 1134 3664 etjustum,
1148 3578 1322 3663 cogitando
1335 3579 1437 3643 subti-

242 3684 323 3767 lem3
348 3706 450 3769 neque
475 3705 511 3748 ea
537 3684 571 3748 in
591 3684 721 3749 homine
741 3683 844 3749 otioso
865 3705 932 3749 esse
953 3687 1060 3768 potest
1078 3684 1184 3749 sedin
1205 3685 1272 3750 cive
1290 3688 1437 3765 tantum,

242 3787 296 3872 qui
321 3809 393 3853 cum
417 3789 533 3854 civium
558 3789 708 3855 societate
732 3790 921 3876 conjunctus
942 3791 1031 3856 vivit.
1055 3789 1254 3875 Quamquam
1275 3794 1381 3856 autem
1401 3792 1437 3855 in

241 3894 304 3958 illis
324 3894 492 3959 sententiis
508 3895 589 3960 nihil
609 3896 712 3973 inest,
732 3917 788 3962 cur
809 3917 874 3960 non
888 3896 986 3961 talem
999 3896 1148 3961 virtutem
1160 3896 1257 3960 etiam
1269 3896 1435 3982 Euripides

241 4000 301 4065 sibi
325 4002 544 4085 proposuerit,
569 4004 648 4087 puto
673 4005 782 4066 tamen
806 4002 900 4066 aliter
922 4023 955 4066 se
979 4022 1046 4065 rem
1069 4001 1193 4067 habere.
1219 4000 1336 4067 Omnia
1354 4024 1434 4088 quae

241 4107 421 4191 nuperrime
451 4108 635 4172 enumeravi
665 4108 810 4193 exempla
833 4107 960 4172 virtutis
984 4109 1143 4173 excelsae:
1169 4108 1300 4173 castitas
1325 4110 1433 4194 singu·

238 4213 332 4289 laris,
354 4233 439 4277 mors
456 4214 558 4297 petita
579 4236 645 4279 non
664 4214 767 4279 solum
787 4236 846 4299 pro
867 4214 973 4299 patria
985 4214 1038 4278 sed
1051 4216 1149 4279 etiam
1160 4236 1219 4299 pro
1231 4215 1431 4300 singulorum

238 4318 404 4382 hominum
434 4319 553 4403 salute,
587 4320 724 4406 injuriae
751 4321 969 4398 condonatae,
994 4323 1165 4405 praecepta
1188 4342 1269 4404 quae
1292 4342 1356 4386 non
1381 4341 1433 4386 so-

239 4423 305 4487 lum
334 4423 419 4488 laeta
447 4425 501 4489 sed
531 4427 564 4490 et
585 4425 727 4511 cogitata
750 4430 862 4493 sancta
885 4448 951 4491 esse
971 4426 1089 4511 jubent
1111 4429 1192 4504 cet,
1218 4426 1296 4492 mihi
1320 4427 1431 4491 viden-

238 4531 291 4594 tur
329 4550 396 4595 esse
433 4529 551 4595 indicia
588 4531 750 4597 rationum
785 4531 976 4597 severiorum
1006 4536 1039 4597 et
1065 4531 1318 4617 religiosiorum‚
1352 4554 1432 4617 quas
