3250 5217
750 431 793 496 69

334 614 453 693 ονἰροινὸς
479 613 551 693 ὑπὲρ
575 616 659 689 ἡμᾶς
682 618 790 684 κοινῶς
815 618 927 693 φοιτῶν
951 612 1014 685 ἕδος
1038 612 1190 692 δυιμάνιον

330 718 393 785 τάδ’
416 721 446 785 ἒν
469 720 552 802 μέσῳ
575 724 628 784 σοῦ
653 721 775 798 οὐοοονοῦ
800 744 835 785 τε
859 720 911 785 rai
937 720 1061 799 χθονὸς,

332 825 412 906 χάος
437 814 492 901 μὲν
515 825 704 909 ὀνομάζουσι.

216 931 330 998 Nauok
360 932 458 998 habet
487 934 513 997 οἱ
545 934 602 1009 μὲν
630 931 810 1015 ὀνομάζουσι
834 931 924 1015 χάος.
953 932 1153 1019 Quamquam
1178 934 1364 1019 perdifficile

171 1041 220 1103 est
254 1038 305 1103 his
339 1039 482 1104 versibus
513 1040 686 1124 genuinam
719 1040 883 1104 restituere
914 1040 1103 1125 scripturam
1119 1037 1164 1127 ¹),
1197 1040 1362 1105 verborum

139 1222 143 1233 .
171 1126 282 1210 tamen
314 1167 425 1210 sensus
455 1167 520 1210 nou
553 1146 704 1211 obscurus
735 1151 801 1211 est:
833 1146 864 1210 id
895 1150 981 1233 quod
1013 1147 1056 1212 sit
1077 1147 1163 1212 iuter
1186 1147 1308 1212 eoelum
1335 1151 1368 1211 et

171 1255 289 1317 terram
315 1290 355 1302 -
382 1251 446 1318 sive
470 1257 543 1317 aira
570 1290 609 1301 -
635 1254 667 1338 (a
690 1252 894 1338 quibusdam)
920 1254 1026 1319 vocari
1046 1253 1174 1319 oha0s”.
1196 1251 1367 1329 Quaeritur
1415 1246 1418 1249 ⁴

173 1380 193 1423 a
216 1359 332 1443 quibus
354 1359 400 1423 ita
422 1361 562 1424 voretur.

219 1462 370 1530 Scholion
405 1468 564 1550 quoddam
598 1468 635 1530 ad
667 1466 763 1531 ohaos
779 1466 879 1552 ⁴apud
910 1466 1087 1532 Hesiodum
1110 1466 1145 1530 iu
1169 1464 1366 1551 expositione

174 1570 309 1655 originis
340 1572 452 1636 muudi
480 1573 539 1657 (va.
574 1572 649 1657 116)
680 1571 794 1637 habet:
829 1572 909 1653 χάος
941 1573 974 1637 δὲ
1003 1573 1091 1649 λέγει
1120 1572 1171 1637 σάν
1197 1572 1367 1654 κεχυμένον

173 1678 262 1756 άέοοι·
288 1676 341 1742 aa}
365 1679 428 1756 γάρ
452 1679 612 1754 Ζηνόδοτος
635 1675 739 1761 (οὕτω)
763 1680 852 1759 dart.
875 1676 995 1743 Dubito
1015 1682 1122 1743 tamen
1142 1701 1183 1742 au
1206 1678 1367 1744 Hesiodus

171 1782 235 1849 hau
256 1805 332 1849 rooe
354 1785 569 1870 designaverit
592 1790 664 1849 adra
686 1807 748 1869 quo
772 1785 919 1851 vivimus.
945 1783 1130 1868 subjeetum
1155 1787 1220 1849 est:
1241 1796 1367 1866 Βοιιιχν·

173 1891 260 1966 λάδος
290 1890 320 1955 δὲ
343 1892 424 1972 χάος
450 1891 501 1955 τὸν
525 1891 601 1971 άέροι
626 1892 765 1969 ὥνάμοισε
789 1892 889 1970 λέγων
914 1891 980 1968 περὶ
1008 1896 1061 1955 τοῦ
1087 1893 1198 1955 άεσοῦ·
1224 1894 1366 1968 νωμάσοιι

173 1996 201 2062 δ’
215 1998 244 2060 ἐν
268 1998 428 2078 άσρυνέτῳ
451 1998 545 2081 χάει,
570 2020 651 2083 quae
672 1998 768 2063 verba
787 2021 806 2062 a
825 1997 964 2082 Bergkio
984 1997 1069 2061 iuter
1087 1997 1201 2081 fragm.
1225 1997 1366 2083 Bauohy-

174 2103 260 2168 lidea
288 2108 414 2188 receptu
445 2108 529 2170 sunt.
554 2104 593 2169 Iu
617 2104 782 2190 Aristoph.
807 2104 893 2169 Nub.
918 2102 1062 2169 Socrates
1086 2124 1212 2187 quoque
1236 2125 1366 2168 enume-

173 2232 250 2276 rans
282 2230 362 2295 quos
384 2210 453 2295 ipse
476 2213 647 2276 veneratur
670 2212 744 2277 deos
767 2211 846 2275 diuit
869 2211 928 2295 (vs.
953 2210 1053 2295 aad:

221 2317 257 2381 rt
274 2317 355 2399 χάος
376 2317 479 2396 τουσι,
500 2318 553 2382 καὶ
575 2318 634 2389 σάς
650 2318 805 2398 νεΦελάς,
820 2317 873 2382 rat
886 2317 941 2390 σὺν
953 2323 1119 2394 γλῶσσάν,
1133 2315 1203 2395 σοάοι
1216 2316 1319 2380 vauri.

176 2423 232 2488 ubi
259 2423 376 2489 schot:
401 2422 480 2503 χάος
504 2423 592 2503 λέχει
616 2425 667 2489 σάν
691 2422 765 2504 άέοοι
790 2423 937 2503 raptast
962 2421 1133 2504 κεχάσάοιι;
1159 2424 1192 2485 et
1214 2420 1276 2487 Av.
1303 2422 1366 2486 192

173 2529 392 2609 Pithetaerus,
417 2528 529 2595 avibus
552 2532 687 2595 suadens
712 2552 752 2595 ne
771 2530 961 2616 permittant
980 2528 1123 2593 nidorem
1144 2549 1305 2594 sacrorum
1326 2528 1367 2593 ad

176 2638 252 2701 deos
276 2656 404 2721 surgere
427 2657 483 2721 per
507 2639 618 2715 adra,
643 2636 706 2701 ait:

358 2743 409 2809 διά
432 2751 488 2818 σῆς
513 2744 629 2814 πόλεως
657 2752 713 2817 τῆς
736 2743 904 2824 άλλοσράοος
929 2742 982 2808 rat
1009 2747 1062 2807 τοῦ
1084 2742 1214 2823 χάους

358 2852 418 2916 τῶν
440 2852 553 2931 μοιράων
578 2853 632 2926 τὴν
657 2858 763 2916 ιινῒσοιν
786 2853 819 2916 οὔ
843 2851 1039 2931 διαφρήσετε.

222 2957 372 3043 Suspicor
405 2955 484 3021 illud
514 2956 704 3022 vocabulum
728 2980 747 3021 a
768 2957 870 3042 poetis
900 2955 1007 3041 lyricis
1037 2955 1176 3039 primum
1208 2977 1266 3040 pro
1297 2961 1368 3020 adro

174 3066 364 3148 usurpatum
395 3085 461 3128 esse
484 3066 517 3127 et
539 3063 656 3128 sensim
679 3064 716 3127 iu
738 3064 884 3147 linguam
908 3062 1086 3148 irrepsisse,
1110 3062 1157 3126 ita
1180 3068 1217 3125 ut
1239 3061 1366 3126 Aristo-

174 3169 298 3255 phanes
317 3170 385 3234 siue
397 3169 464 3234 ulla
475 3167 686 3255 explicatione
696 3174 841 3253 poneret,
853 3191 951 3253 quum
964 3168 1132 3253 Euripides
1144 3167 1366 3248 οδνομάζουσι”

175 3276 227 3342 vol
250 3276 346 3341 etiam
370 3274 416 3341 »oi
439 3278 497 3354 μὲν
520 3276 721 3355 ὀνομάζουσι”
744 3275 925 3340 addidisset.

181 3460 363 3472 —-—--

213 3558 240 3622 l)
257 3556 340 3607 Valuk.
360 3556 418 3607 lusit
434 3557 484 3624 (ρὸ.
503 3559 559 3625 12)=
713 3556 810 3623 νάροιιάς
828 3558 849 3609 θ’
866 3558 934 3623 ἡμᾶς
951 3558 1027 3623 άπερ·

444 3640 487 3689 nat
502 3644 551 3705 γά,
568 3643 661 3704 βροσάν
679 3645 755 3692 κοινάν
772 3659 802 3692 σε
820 3642 939 3705 δαιμόνων
957 3641 978 3692 θ’
995 3640 1067 3700 idon·

444 3724 474 3772 τὸ
492 3722 515 3771 δ’
533 3721 558 3773 ἰν
575 3723 645 3787 μέσον
662 3728 708 3775 τοῦ
725 3726 751 3773 τ’
771 3723 871 3788 adparet
890 3743 920 3774 σε
938 3724 980 3775 ιιοιὶ
998 3724 1086 3787 χθονὸς

442 3804 509 3868 χάος
526 3806 572 3869 μὶν
589 3805 762 3873 ὀνομάζουσιν.
