3250 5217
735 450 798 517 159

174 638 304 702 honesto
329 657 435 700 amore
460 634 610 700 nituntur
634 634 841 700 Andromeda
865 618 1366 719 11111111Ρ111111111111Ῥ11ζ

173 742 300 807 tesilaus
316 741 356 824 ¹);
387 740 558 805 inhonesto
589 741 785 825 Hippolytus
820 742 945 805 relatus
975 740 1093 806 Aeolus
1121 739 1266 825 Ceroyun
1287 742 1367 827 (sive

173 849 288 934 Alope)
310 848 454 932 Antiope
475 848 567 931 Auge
590 846 700 911 Danae
721 845 851 912 Cressae
863 847 1030 912 Cretenses
1044 847 1224 942 Melanippo
1237 848 1364 931 sapiens

135 994 138 999 ·
171 956 294 1020 Peleus
310 953 510 1019 Stheneboea
546 952 698 1017 Phoenix.
713 954 739 1037 ²)
768 951 938 1027 Quaeritur
961 975 1002 1016 an
1026 952 1208 1017 huiusmodi
1231 955 1366 1019 materia

169 1062 202 1125 in
233 1060 358 1145 pulpito
389 1060 535 1143 exposita
569 1059 709 1124 moribus
743 1058 1011 1136 Atheniensibus,
1044 1080 1124 1142 quos
1154 1059 1239 1123 leves
1268 1059 1367 1124 fuisse

171 1168 304 1248 scimus,
327 1187 441 1230 nocere
464 1166 603 1249 potuerit
627 1165 762 1249 ideoque
783 1165 996 1249 improbanda
1021 1165 1072 1228 sit.

214 1273 287 1337 Viri
306 1272 519 1337 Athenienses
539 1272 687 1335 videntur
707 1292 772 1335 non
794 1272 898 1335 solum
918 1271 1054 1336 caelibes
1074 1272 1128 1336 sed
1148 1272 1245 1336 etiam
1258 1271 1366 1335 mariti

171 1378 259 1443 nullo
280 1400 350 1443 cum
371 1378 488 1462 probro
511 1378 558 1442 vel
579 1377 730 1441 dedecore
751 1377 852 1441 amori
875 1378 1022 1461 pellicum
1045 1380 1078 1441 et
1104 1377 1284 1442 heterarum
1313 1378 1366 1441 in·

172 1484 321 1562 dalaima,
354 1487 410 1547 aut
437 1483 472 1547 hi
495 1487 579 1548 11111
598 1484 660 1548 hoo
683 1483 836 1548 facientes
858 1482 894 1547 in
917 1482 1178 1567 reprehensiones
1203 1506 1267 1548 non
1293 1505 1367 1569 gra-

172 1591 273 1656 viores
295 1591 466 1655 incurrisse
488 1612 584 1676 quam
609 1591 693 1673 apud
717 1612 776 1653 uos
800 1588 944 1655 caelibes.
979 1589 1041 1654 Sed
1061 1612 1157 1673 quam
1179 1591 1239 1654 sibi
1262 1591 1369 1654 mariti

173 1695 386 1761 Athenienses
407 1696 532 1759 veniam
550 1696 703 1779 petebant
723 1717 789 1759 non
811 1695 934 1759 dabant
957 1696 1115 1770 vicissim3
1136 1718 1210 1759 nam
1234 1696 1317 1760 filias
1336 1700 1370 1760 et

175 1824 287 1867 uxores
311 1803 345 1867 11
370 1803 520 1866 domuum
545 1824 668 1866 recessu
691 1801 732 1866 ab
756 1801 846 1865 omni
869 1801 1010 1865 virorum
1034 1822 1205 1885 congressu
1230 1806 1366 1868 semotas

174 1909 370 1973 severissima
400 1909 545 1973 custodia
568 1908 828 1984 circumdabant,
853 1929 893 1971 ne
920 1908 1141 1972 castimoniam
1166 1908 1368 1992 projicerent.

175 2015 363 2080 Mulieribus
385 2016 485 2100 igitur
507 2014 616 2079 nullus
639 2014 687 2079 vir
710 2015 866 2078 amandus
888 2013 951 2077 fuit
977 2013 1040 2077 nisi
1063 2014 1114 2078 cui
1138 2036 1157 2076 1
1180 2014 1369 2097 parentibus

176 2127 281 2187 essent
301 2122 403 2186 datae.
428 2122 467 2186 In
488 2120 551 2186 illis
571 2125 676 2187 autem
695 2121 869 2205 tragoediis
881 2119 1055 2204 prodibant
1066 2120 1207 2204 virgines
1220 2120 1369 2196 vitiatae,

176 2233 341 2293 matronae
360 2228 498 2292 alienum
519 2249 658 2292 amorem
680 2229 843 2312 petentes,
864 2248 966 2310 neque
986 2248 1041 2290 eae
1060 2224 1196 2290 ancillae
1215 2225 1264 2289 vel
1276 2224 1368 2289 femi-

178 2356 237 2399 nae
269 2334 383 2397 humili
413 2334 525 2397 saltem
554 2334 624 2398 loco
648 2336 753 2409 ortae,
780 2353 889 2396 verum
913 2352 1025 2415 regum
1049 2331 1143 2395 filiae.
1181 2334 1310 2415 Itaque,
1334 2334 1372 2394 ut

178 2442 300 2504 taceam
332 2440 533 2523 turpissimos
563 2438 686 2503 furores
716 2438 750 2502 in
778 2438 878 2503 Aeolo
903 2443 935 2503 et
959 2437 1165 2502 Cretensibus
1189 2438 1368 2514 exhibitos,

178 2546 349 2611 verendum
370 2548 439 2609 erat
459 2567 498 2609 ne
518 2546 679 2622 mulieres,
702 2566 799 2628 quum
823 2546 1006 2629 frequenter
1029 2547 1212 2627 spectarent
1236 2543 1371 2607 feminas

179 2651 301 2715 nobiles
323 2673 341 2713 a
361 2651 436 2714 viris
456 2650 605 2734 pellectae
626 2654 682 2715 aut
698 2650 747 2715 sui
769 2652 886 2715 amoris
905 2650 937 2715 11
949 2653 1131 2734 corruptas,
1145 2650 1232 2734 ipsae
1244 2670 1370 2734 quoque

179 2763 314 2821 naturae
344 2757 464 2840 impetu
487 2757 692 2841 indulgentes
719 2757 846 2821 facilius
869 2758 909 2821 ad
932 2778 1054 2821 amores
1077 2756 1207 2821 illicitos
1231 2756 1371 2820 declina-

178 2868 251 2927 rent
263 2866 299 2948 ³).
325 2862 408 2927 Nam
429 2862 484 2925 ubi
507 2862 640 2927 alicuius
663 2862 734 2928 11111
758 2863 852 2948 culpa
876 2863 1001 2927 minuta
1021 2866 1054 2925 et
1072 2861 1254 2945 frequentia
1274 2882 1372 2945 expo·

179 2971 239 3033 sita
257 2973 323 3047 est,
347 2971 493 3053 protinus
517 2991 642 3054 quoque
667 2970 801 3035 dedecus
826 2970 987 3034 sublatum
1012 2974 1069 3033 est.

223 3076 304 3140 Turn
326 3075 402 3139 viris
422 3096 547 3159 quoque
558 3076 632 3140 illae
644 3076 770 3140 fabulae
784 3079 1063 3160 nocerepoterant.
1079 3074 1164 3139 Nam
1176 3074 1321 3159 quamvis
1333 3073 1372 3138 iis

179 3182 287 3247 liceret
306 3182 524 3266 voluptatibus
544 3182 625 3259 frui,
653 3186 760 3246 tamen
784 3182 1037 3267 ignominiosum
1057 3184 1126 3245 erat
1148 3185 1275 3244 tantum
1300 3179 1374 3243 huic

179 3288 224 3353 rei
254 3288 412 3364 tribuere,
446 3290 483 3351 ut
512 3289 637 3352 animus
660 3291 807 3372 perderet
832 3289 1025 3372 aequitatem
1049 3287 1298 3370 facultatemque
1322 3308 1373 3349 sa-

186 3436 389 3451 Q—-n-u—

215 3510 241 3573 1)
258 3510 508 3560 Andromedam
534 3511 616 3561 belnae
642 3513 774 3578 expositam
797 3512 884 3561 liberet
907 3512 1008 3561 Perseus
1033 3510 1167 3575 necatisque
1191 3510 1285 3575 Cepheo
1308 3513 1376 3574 petre

180 3589 318 3654 Phineoque
334 3596 440 3640 amatore
458 3594 565 3657 puellae,
583 3596 625 3659 qui
643 3596 712 3644 fidam
730 3595 869 3659 fregissent,
889 3610 987 3643 uxorem
1004 3594 1078 3643 ducit.
1096 3592 1285 3643 Alcmeonis
1302 3592 1377 3641 Peo-

181 3674 367 3738 phidensis
388 3680 556 3739 argumentum
574 3679 626 3725 erat
643 3677 734 3726 invidia
751 3676 877 3725 muliebris
894 3676 972 3740 qualis
988 3680 1025 3725 eat
1043 3677 1149 3725 Medeae.
1174 3674 1376 3724 Protesilai

182 3757 252 3806 occisi
270 3772 330 3806 uxor
346 3773 427 3807 111111
444 3758 506 3807 victa
524 3757 589 3807 ultro
607 3758 651 3807 sibi
670 3774 750 3807 necem
767 3759 850 3807 infert.
1356 3812 1361 3819 ,

215 3840 241 3898 2)
261 3839 481 3905 Hippolytus
511 3840 654 3890 velatus
679 3841 780 3890 eundem
805 3839 923 3889 tractabat
949 3840 1059 3903 mythum
1084 3856 1154 3904 quem
1181 3839 1216 3889 H.
1242 3841 1377 3888 coronatus.

182 3922 278 3971 Pariter
299 3921 403 3971 Peleo
426 3922 670 3971 Stheneboeae
693 3922 866 3973 Phoenici
883 3920 979 3971 suberat
996 3938 1064 3971 amor
1081 3921 1205 3971 muliebris
1222 3920 1378 3984 ajuuenibua

182 4007 280 4069 propter
296 4003 437 4069 pudicitiam
454 4004 601 4069 repudiatus.
627 4004 738 4069 Alope
763 4005 914 4069 Antiope
931 4008 1023 4068 Auge
1041 4006 1155 4053 Danae
1174 4003 1378 4067 Melanippa

181 4085 285 4149 uirginea
308 4100 322 4133 a
345 4086 392 4133 diis
413 4086 512 4135 uitiatae
528 4085 666 4151 parentibus
689 4102 775 4151 poenus
798 4087 869 4144 dant;
887 4086 1000 4135 similiter
1016 4087 1109 4148 Aerope
1127 4085 1378 4135 1101111111111

182 4166 270 4215 habeus
282 4182 337 4215 cum
350 4168 426 4231 patris
443 4168 560 4219 ministro.
579 4168 679 4217 Aeoli
697 4171 866 4232 argumentum
875 4172 928 4218 erut
937 4168 1044 4216 Macarei
1053 4168 1188 4232 sororisque
1197 4168 1302 4217 0111111
1310 4180 1379 4215 emor

183 4248 300 4305 1111111111,
319 4249 447 4299 Creten
456 4250 484 4299 11
494 4267 509 4300 u
518 4267 542 4300 m
559 4251 627 4300 furor
644 4251 775 4316 Pasiphu'rie
792 4254 891 4299 taurum
908 4251 1067 4315 depereuntis.

217 4332 243 4389 8)
265 4330 436 4395 Aristophanes
455 4348 511 4382 sane
531 4349 578 4383 nou
596 4333 620 4381 id
636 4335 826 4397 argumentatur.
843 4332 947 4396 Roganti
963 4331 1077 4397 Euripidi
1091 4332 1118 4381 in
1135 4332 1306 4395 1111110049)
1320 4330 1378 4394 quid

184 4413 276 4463 ciuitati
293 4414 418 4463 nocuerint
435 4414 594 4465 Stheneboeae
611 4431 667 4464 suae
684 4415 814 4477 Aeschylus
830 4415 966 4479 respondet:
984 4440 988 4447 ·

370 4494 409 4545 trs
433 4497 548 4560 γενναίας
566 4497 607 4547 aul
623 4498 739 4560 γενναίων
757 4494 847 4559 ἀνδρῶν
864 4495 978 4558 ἀλόχους
995 4494 1129 4554 ἀνέπεισας

369 4576 455 4629 adrem
474 4583 553 4638 πιεῖν,
570 4578 751 4643 αἰσχυνθείσας
767 4577 809 4628 διὰ
827 4579 887 4636 τοὺς
906 4578 965 4634 σοὺς
982 4580 1187 4642 Βελλεροφόντας,
