3250 5217
813 457 878 520 llo

247 643 359 707 aetatis
385 642 535 706 vitiorum
562 643 705 705 auctores
728 637 993 723 perhibebantur,
1019 658 1117 721 quare
1141 636 1257 701 Muller
1281 635 1438 719 Striihing

246 749 282 811 in
314 747 479 811 notissimo
512 768 568 811 suo
593 766 687 830 opere
710 744 811 809 facete
836 764 888 809 eos
912 748 1077 826 comparat
1098 765 1171 808 cnm
1193 742 1263 827 feli,
1290 743 1438 825 inquam

247 874 371 937 semper
401 856 494 937 culpa
521 851 659 917 conferri
679 851 780 915 soleat
798 850 1050 935 quotiescunque
1069 870 1174 913 rerum
1195 848 1440 913 domesticarum

248 959 353 1042 aliqua
382 959 519 1043 perierit.
560 958 683 1022 Primus
715 956 831 1038 (trote,
865 956 915 1020 vir
945 955 1102 1040 Anglious
1126 955 1345 1030 doctissimus,
1371 975 1441 1018 acer

248 1088 356 1131 eorum
386 1065 510 1130 exstitit
536 1068 690 1148 patronus
714 1067 746 1127 et
769 1063 886 1127 vindex
910 1062 1010 1146 (Hist.
1035 1061 1072 1125 of
1094 1061 1241 1144 Graece),
1268 1082 1362 1145 quem
1387 1059 1441 1123 alii

248 1170 309 1235 viri
331 1171 418 1235 docti
440 1170 540 1235 secuti
563 1173 640 1233 sunt
662 1169 795 1253 (Muller
818 1167 991 1251 Strfibing‚
1016 1167 1140 1249 Leues,
1162 1167 1246 1251 cet),
1266 1167 1441 1251 quitamen

248 1276 323 1359 quia
346 1275 423 1339 mihi
448 1276 590 1339 nondum
614 1275 722 1339 omnia
745 1277 936 1358 argumenta
958 1254 1003 1337 iu=
1017 1277 1123 1357 partes
1145 1295 1272 1338 vocasse
1292 1274 1342 1338 vel
1359 1278 1443 1338 recte

249 1381 428 1465 exposuisse
452 1381 618 1458 videntur,
642 1403 708 1445 non
732 1380 847 1444 inutile
869 1380 931 1443 erit
952 1378 1167 1463 sophistarum
1187 1400 1315 1444 causam
1326 1378 1442 1445 iterum

249 1487 432 1571 suscepisse.

295 1595 463 1679 Sophistae
484 1598 577 1659 erant
595 1599 834 1680 praeceptores,
856 1594 911 1678 qui
924 1596 1128 1679 juventutem
1140 1594 1302 1657 ornabant
1312 1592 1444 1657 scientia

250 1700 398 1765 universa
428 1722 536 1765 earum
568 1723 671 1765 rerum
697 1723 777 1785 quae
801 1701 836 1763 in
860 1699 997 1765 comitiis
1021 1699 1111 1763 etin
1133 1702 1202 1763 tota
1225 1699 1293 1762 rita
1315 1698 1444 1783 publiea

250 1808 380 1872 tractari
403 1807 566 1885 solebant,
590 1811 686 1891 atqua
710 1828 763 1871 eos
786 1806 945 1871 docebant
968 1805 1134 1870 scientiam
1156 1804 1245 1868 illam
1263 1824 1445 1888 quampos-

249 1918 320 1977 sent
342 1918 457 1978 ornata
480 1918 513 1979 et
535 1914 663 1999 copiosa
686 1914 829 1977 oratione
848 1933 1007 1997 exponere
1021 1914 1056 1989 ¹).

294 2020 428 2083 Mutatis
459 2020 544 2084 enim
576 2020 774 2103 temporibus
797 2040 864 2083 non
888 2017 1025 2103 amplius
1050 2018 1175 2101 generis
1199 2016 1351 2081 nobilitas
1373 2016 1442 2100 ipsa

249 2148 305 2210 per
324 2148 357 2191 se
377 2127 461 2191 cives
482 2128 528 2195 ad.
542 2126 771 2211 rempublicam
786 2125 986 2189 admovebat.
1009 2123 1280 2187 Humillimoloco
1294 2123 1363 2186 nati
1374 2144 1443 2187 eam

249 2255 410 2317 capessere
438 2237 624 2316 coeperant,
644 2233 752 2316 itaque
775 2232 918 2315 utrisque
939 2231 1040 2294 maior
1062 2231 1154 2313 copia
1174 2229 1300 2294 dicendi
1323 2232 1357 2293 et
1375 2251 1443 2293 am·

249 2338 332 2421 plior
353 2339 510 2402 variarum
530 2359 633 2402 rerum
655 2337 788 2402 scientia
809 2359 889 2421 opus
909 2339 1084 2420 eratquam
1097 2332 1445 2419 adhucsuppetiverat‚

250 2443 457 2528 popularibus
480 2444 555 2526 quia
579 2443 731 2507 carebant
753 2442 918 2526 patribus,
942 2442 999 2525 qui
1024 2440 1085 2505 sibi
1109 2462 1213 2505 rerum
1240 2462 1331 2504 usum
1355 2461 1446 2525 prae·

250 2549 352 2633 cipere
371 2552 517 2632 possent3
538 2548 747 2633 optimatibus
772 2552 807 2613 ut
826 2548 960 2613 rationis
984 2548 1080 2638 armis
1105 2547 1238 2631 antiqua
1252 2548 1326 2630 jura
1338 2546 1446 2610 defen·

250 2657 323 2718 dere
345 2658 494 2737 possent,
514 2676 594 2718 neve
606 2654 759 2737 gliscente
772 2654 966 2718 democratia
978 2654 1018 2717 ab
1032 2654 1219 2717 adversariis
1231 2652 1445 2717 vincerentur.

294 2760 461 2824 Praeterea
495 2760 531 2824 in
566 2760 757 2825 immensum
792 2765 904 2825 auctae
939 2763 1031 2825 erant
1063 2760 1170 2823 variae
1201 2758 1291 2837 lites,
1322 2761 1355 2823 et
1387 2780 1445 2843 pro

250 2864 388 2929 maximo
411 2864 562 2949 litigandi
582 2866 688 2929 studio
710 2867 926 2951 unusquisque
947 2866 1089 2949 quotidie
1109 2866 1273 2948 expositus
1293 2867 1363 2928 erat
1381 2865 1447 2928 sive

248 2991 361 3034 causae
383 2970 526 3054 privatae
549 2956 764 3055 sive'publico
786 2972 922 3037 crimini.
946 2970 1103 3047 Quoniam
1121 2975 1228 3035 autem
1247 2970 1334 3053 leges
1357 2992 1445 3034 reum

246 3075 405 3159 jubebant
425 3076 529 3160 ipsum
549 3099 639 3140 suam
661 3099 788 3142 causam
810 3079 930 3154 dicere,
951 3079 1087 3142 necdum
1112 3082 1254 3142 oratores
1277 3080 1370 3141 erant
1391 3077 1445 3161 qui

250 3184 394 3246 mercede
416 3182 576 3247 orationes
599 3184 660 3249 reis
686 3185 735 3248 vel
755 3184 995 3249 accusatoribus
1017 3184 1273 3267 suppeditarent,
1299 3182 1448 3247 omnibus

250 3288 371 3352 civibus
403 3292 477 3352 ante
509 3290 617 3353 omnia
645 3289 781 3355 facultas
815 3290 940 3355 dicendi
972 3294 1005 3353 et
1034 3291 1189 3374 quaedam
1210 3290 1291 3373 juris
1315 3289 1448 3353 seientia

251 3397 422 3477 opus·erat
435 3392 480 3477 ⁹);
501 3398 533 3459 et
556 3417 653 3479 quum
678 3396 711 3459 in
737 3395 787 3459 his
809 3397 904 3460 rebus
932 3418 1032 3479 paene
1056 3396 1267 3460 necessarium
1287 3396 1330 3459 sit
1345 3399 1448 3461 certas

251 3500 399 3564 notiones
418 3500 534 3565 habere
557 3501 595 3565 de
617 3501 758 3585 justitia,
783 3504 917 3579 virtute,
939 3507 975 3566 ut
987 3503 1074 3566 brevi
1088 3504 1190 3567 dicam
1204 3502 1448 3567 defundamen·

250 3606 310 3684 tis,
335 3608 449 3690 quibus
474 3608 589 3671 nititur
612 3608 789 3672 communis
812 3609 978 3673 hominum
1002 3610 1151 3691 societas,
1173 3609 1310 3673 ethicam
1323 3630 1448 3692 quoque

253 3712 335 3777 hanc
361 3714 524 3777 materiem
551 3714 754 3779 institutione
786 3716 1090 3798 complectebantur.
1117 3713 1165 3777 De
1182 3714 1231 3778 his
1250 3715 1345 3779 rebus
1368 3715 1447 3778 nihil

166 3807 169 3811 Δ
253 3818 412 3881 docebant
444 3819 529 3901 quod
555 3842 573 3883 a
597 3819 783 3903 vulgaribus
818 3821 1003 3885 notionibus
1027 3820 1220 3885 Graecorum
1244 3820 1446 3916 discreparet.

260 3982 456 3996 d...-

287 4088 313 4151 1)
324 4086 389 4137 Plut.
406 4086 431 4135 in
441 4086 492 4135 vu.
510 4086 663 4136 Themistocl.
679 4104 698 4137 c.
716 4080 746 4137 11'
762 4088 873 4138 meminit
890 4087 1030 4147 Phrearrii,
1047 4085 1106 4138 οότε
1124 4083 1222 4150 ῥήτορος
1236 4083 1309 4145 ’όντος
1325 4084 1385 4135 τότε
1401 4088 1449 4134 τῶν

253 4170 362 4231 φυσικῶν
389 4164 524 4224 κληθέντων
550 4170 707 4231 φιλοσόφον,
729 4168 799 4219 ἄλλα
822 4170 867 4227 τὴν
886 4168 1040 4231 καλουμένην
1063 4169 1166 4231 σοφίαν,
1183 4164 1259 4217 οὖσαν
1276 4167 1304 4217 δὲ
1321 4166 1450 4225 δεινότητα

252 4248 383 4306 πολιτικὴν
405 4248 448 4297 καὶ
466 4233 610 4311 δραστήριον
629 4248 740 4307 σύνεσιν,
766 4247 922 4312 ἐπιτήδευμα
941 4249 1106 4312 πεποιημένου
1124 4250 1167 4299 καὶ
1183 4248 1352 4315 διασώζοντος
1369 4248 1450 4309 timp

253 4332 344 4392 αἵρεσιν
363 4327 390 4379 ἐκ
408 4328 529 4393 διαδοχῆς
547 4329 596 4379 ότι-ὀ
616 4333 734 4390 Σόλωνος·
753 4330 787 4388 ἢν
805 4333 841 4381 ol
856 4334 948 4393 μετδι
966 4336 1086 4380 ταῦτα
1103 4330 1314 4389 δικανικαῖς
1331 4330 1451 4395 μίξαν-

251 4430 311 4471 τες
341 4411 498 4476 τέχναις
530 4410 589 4460 aa)
618 4416 902 4477 μεταγαγόντες
932 4414 999 4463 cirri
1032 4418 1098 4462 τόν
1125 4412 1283 4479 πράξεων
1310 4412 1372 4470 τὴν
1396 4410 1451 4460 ότ-

252 4512 355 4553 αιισιν
384 4491 443 4543 ἐπὶ
468 4493 553 4551 τοὺς
580 4496 714 4558 λόγους
741 4496 926 4557 σοφισταὶ
951 4493 1299 4558 τροσιιγορεόόιισαν.

285 4578 310 4640 2)
329 4577 365 4627 Ol.
383 4578 478 4636 Leues,
506 4574 572 4625 Hist.
593 4577 619 4625 ol
634 4578 777 4643 philosophy
796 4578 822 4637 1,
839 4594 878 4643 pg.
895 4578 944 4627 114
961 4594 995 4642 sq.
