3250 5217
744 380 786 445 47

217 562 337 629 Aether
366 562 483 649 igitur,
508 584 574 627 non
598 582 669 627 raro
693 562 820 647 Jupiter
843 550 973 627 vocatus
987 561 1032 647 1),
1056 565 1089 626 et
1111 566 1197 627 terra
1220 563 1362 627 omnium

171 692 276 734 rerum
299 672 375 733 sunt
398 673 546 754 parentes
559 668 597 753 ²).
667 684 672 693 '

216 774 473 859 Pervestigantes
504 776 623 859 scripte
652 774 828 840 vetustiora
861 774 964 840 varios
994 774 1184 839 incurrimus
1214 775 1249 839 in
1277 775 1363 840 locos

171 881 287 947 similia
317 885 480 948 testantes.
515 882 612 967 Apud
643 880 820 947 Hesiodum
851 883 935 945 terra
965 885 1134 965 postquam
1167 884 1218 947 τὸν
1243 882 1363 962 οὐρανὸν

172 988 236 1053 sive
260 988 382 1053 coelum
405 983 602 1073 procreavit,
628 988 656 1052 ei
670 989 696 1074 ³)
719 988 805 1072 parit
830 987 889 1072 (vs.
917 986 1014 1073 133);

651 1103 653 1108 ’
878 1092 1032 1157 Ὠκεανὸν
1055 1093 1239 1173 βαθυδίνην,

306 1199 393 1266 Κοῖόν
418 1225 452 1265 τε
477 1200 564 1280 Κρῖόν
587 1200 613 1265 l’
637 1197 797 1279 Ὑπερίονα
820 1200 850 1263 τ’
876 1198 1018 1265 Ἰαπετόν
1041 1224 1077 1264 τε
1101 1225 1127 1264 κ.
1143 1225 1171 1264 r.
1186 1214 1215 1264 λ.

171 1328 213 1372 sc.
246 1306 394 1387 Titanes,
427 1306 599 1392 Cyclopes,
635 1306 842 1371 Centimanos
875 1306 897 1369 i.
929 1328 956 1371 c.
996 1306 1077 1371 vires
1116 1306 1279 1372 naturales
1312 1306 1364 1387 (cf.

170 1411 291 1479 Preller
322 1413 349 1479 I.
381 1435 435 1500 pg.
470 1415 512 1499 39
544 1416 616 1497 eqd.
649 1412 756 1479 Etiam
789 1411 943 1477 Dodonae
972 1412 1052 1477 Zeus
1076 1413 1253 1478 celebratur
1276 1414 1365 1497 quasi

170 1519 280 1584 aether
304 1520 369 1584 sive
393 1520 527 1597 coelum,
551 1520 637 1603 quod
660 1519 802 1583 immissa
825 1517 922 1583 fertili
946 1521 979 1582 et
1000 1518 1137 1583 fecunda
1150 1519 1365 1603 pluviaefficit

169 1628 206 1690 ut
229 1630 314 1691 terra
337 1629 412 1690 edat
435 1628 540 1711 fruges
564 1628 597 1691 et
620 1626 747 1689 arbores
761 1627 799 1709 ⁴).
824 1624 999 1690 Pausanias
1023 1626 1057 1711 (l.
1080 1624 1121 1690 X.
1145 1626 1196 1690 12.
1221 1625 1276 1709 10)
1287 1626 1367 1689 citat

169 1731 326 1817 hymnum
352 1732 578 1797 Dodonaeum:

308 1840 383 1909 Ζεὺς
407 1834 458 1923 ἦν,
484 1840 559 1911 Ζεὺς
585 1838 651 1903 ἐστὶ
664 1885 673 1915 ,
699 1838 775 1910 Ζεὺς
800 1834 982 1902 laceraret
1006 1837 1134 1916 μεγάλε
1158 1843 1229 1903 Ζεῦ.

307 1949 354 2011 Fui
379 1946 512 2027 καρποὺς
536 1945 612 2009 civia
628 1945 691 2010 ’διὸ
716 1944 848 2025 κλῄζετε
872 1944 992 2023 μητέρα
1017 1952 1125 2021 γαῖαν.

217 2051 257 2116 In
278 2052 464 2137 Theogonia
483 2050 633 2136 Orphica,
656 2073 752 2135 quam
773 2050 942 2115 Platonem
955 2055 1096 2136 spectare
1108 2074 1205 2136 supra
1217 2052 1365 2129 vidimus,

170 2155 293 2222 coelum
318 2180 389 2223 cum
412 2161 497 2223 terra
520 2161 666 2243 procreat
689 2156 850 2222 Oceanum
875 2160 908 2221 et
935 2156 1063 2241 Tethyn
1076 2160 1112 2236 ⁵),
1144 2158 1229 2222 unde
1253 2157 1366 2222 deinde

171 2286 256 2329 nova
280 2267 455 2329 nascuntur
480 2265 609 2329 deorum
633 2264 723 2348 paria
738 2264 774 2347 6).

215 2370 291 2433 dam
330 2370 492 2435 rideamus
523 2370 601 2455 quid
635 2369 834 2454 philosophis
869 2369 1092 2435 vetustissimis
1121 2370 1159 2433 de
1191 2370 1240 2434 his
1273 2372 1366 2436 rebus

170 2476 274 2541 usum
308 2476 360 2541 sit.
396 2476 529 2541 Plantas
564 2480 595 2541 et
627 2476 779 2540 animalia
809 2476 885 2540 solis
919 2475 1023 2541 calore
1050 2498 1067 2540 e
1090 2478 1176 2540 terra
1206 2478 1366 2561 procreari
1439 2508 1442 2512 ’

171 2672 355 2682 -.-..--

205 2786 232 2851 1)
250 2787 271 2834 Α
286 2786 358 2835 schol.
377 2785 406 2833 ad
423 2784 545 2849 Aristoph.
564 2784 623 2833 Itan.
642 2799 664 2831 v.
684 2784 732 2831 100
749 2784 773 2830 et
790 2783 838 2831 311
857 2798 870 2829 e
887 2781 1026 2847 Melanippe
1043 2781 1289 2844 οἰ)ο1ιιο;’όμννμνδ’
1307 2784 1367 2847 ἱερὸν

170 2866 255 2929 αἰθέρ’,
272 2864 364 2924 α’ίκηοιν
380 2867 454 2924 Δίος·
473 2867 557 2915 aether
572 2882 603 2915 se.
622 2881 669 2914 non
687 2864 785 2929 Jupiter
802 2864 853 2929 ipsc
869 2864 910 2912 scd
927 2863 978 2913 ciue
993 2864 1089 2923 domus;
1108 2866 1171 2929 quod
1187 2866 1323 2915 testimonio
1332 2869 1368 2915 cst

171 2950 313 3015 Euripidem
335 2950 402 3007 deos,
427 2948 521 2997 etiamsi
547 2949 575 2997 de
592 2948 622 2997 iis
639 2947 706 3012 quasi
723 2946 830 3011 personis
847 2946 1013 3010 mythologicis
1030 2946 1156 3011 loquatur,
1174 2964 1229 2997 cnm
1244 2947 1369 3014 principiis

170 3031 321 3083 naturalibus
337 3030 541 3094 conjunctissimos
558 3030 605 3079 sibi
621 3032 716 3094 fingere.
737 3028 803 3077 Huic
821 3044 915 3092 quoque
929 3028 980 3077 loco
994 3028 1085 3093 optime
1099 3029 1367 3093 convenitqnodSchcl.

171 3116 271 3163 annotet
288 3114 317 3162 ad
336 3115 415 3162 Orest.
436 3114 500 3163 9822
517 3112 552 3160 τα
568 3112 664 3174 percute
681 3112 735 3168 τοῖς
752 3104 863 3171 μυθικοῖς
881 3109 1073 3172 καταμίγννοιν.

205 3198 234 3261 2>
252 3197 289 3245 Gi.
316 3195 443 3244 nonnullas
468 3194 630 3244 invocationes
647 3191 725 3258 Hipp.
745 3193 804 3242 ool:
824 3186 923 3255 ὦγαῖα
937 3193 1029 3254 utrem
1051 3193 1115 3242 Med.
1135 3194 1195 3243 1482
1214 3191 1266 3251 disc
1285 3188 1303 3241 ὦ
1322 3196 1368 3243 Ζεῦ

172 3276 579 3342 mfflmwffimffi

205 3360 233 3424 3)
252 3360 357 3419 Prellcr,
377 3360 472 3409 Griech.
490 3358 596 3423 Mythcl.
617 3360 667 3407 late
684 3358 759 3407 Auli:
781 3357 793 3406 1
811 3372 850 3421 pg.
869 3357 914 3405 36:
936 3355 1045 3426 „Uranos
1059 3356 1092 3405 ist
1107 3357 1227 3406 nehmlich
1243 3358 1285 3405 der
1298 3357 1368 3407 Him-

172 3443 221 3493 mcl
239 3443 264 3492 in
281 3444 324 3492 der
341 3443 482 3506 Bedcutung
499 3442 540 3490 des
555 3440 649 3489 absolut
665 3439 851 3503 Zeugerisohen,
868 3438 921 3486 weil
941 3454 987 3487 von
1004 3438 1055 3487 ihm
1072 3440 1113 3487 das
1129 3438 1298 3489 befruchtende
1308 3441 1370 3489 Neue

171 3526 280 3585 hommt,
299 3524 398 3574 welches
416 3525 454 3573 die
471 3523 661 3587 echdpferischen
679 3522 765 3571 Krdlte
781 3522 825 3570 der
842 3521 904 3569 Erde
921 3519 1029 3585 erregt”.

206 3609 236 3672 4)
252 3606 348 3657 Preller
364 3607 390 3665 1,
409 3622 447 3673 pg.
467 3606 510 3659 79:
533 3607 606 3655 -zms
623 3605 703 3654 wurde
720 3603 810 3652 sowohl
828 3603 871 3651 aul
886 3604 940 3653 dem
957 3602 1037 3668 Gipfel
1051 3600 1119 3664 jenes
1136 3604 1225 3668 Berges
1238 3604 1370 3653 alsindem

173 3690 247 3740 'l'hale
264 3690 375 3747 verahrt,
394 3689 419 3738 in
434 3689 521 3738 diesem
535 3688 570 3737 als
584 3689 627 3737 der
640 3686 788 3744 stromende,
807 3686 925 3754 regnende
939 3686 987 3735 und
1003 3685 1077 3734 durch
1087 3685 1168 3735 diesen
1176 3686 1286 3735 leuehten
1295 3688 1370 3751 Segcn

173 3772 342 3821 helruchteudc
365 3769 447 3820 cott’.
471 3771 513 3834 Pg.
539 3770 588 3818 212
610 3772 694 3818 narrat
718 3783 763 3833 pro
788 3767 867 3816 Diona
892 3767 1030 3832 frequenter
1053 3767 1181 3827 Venerem,
1205 3784 1265 3832 qnae
1281 3772 1318 3817 est
1333 3768 1370 3817 vie

173 3855 299 3919 genitalis,
317 3853 385 3902 Jovis
403 3852 525 3902 Dodonaci
543 3867 641 3901 uxorem
657 3850 785 3917 perhiberi.

209 3938 236 4000 5)
255 3935 347 4000 Cratyl.
374 3936 426 4001 (pg.
447 3935 531 3999 4021)
558 3934 669 3998 Orpheus
692 3934 777 3982 dixisse
799 3932 878 3982 fertur
901 3930 941 3980 ὅτι
969 3931 1089 3988 Ὠκεανὸς
1112 3935 1209 3993 πρῶτος
1225 3932 1370 3993 καλλίρροος

174 4014 230 4083 ῖηρξε
247 4016 355 4080 γάμοιο,
374 4015 400 4074 ὅς
415 4015 444 4078 ῥα
458 4014 610 4080 νασνγνήτην
625 4012 770 4075 ὁμομήτορα
784 4012 862 4072 Τηθὺν
874 4012 967 4063 trucem
986 4013 1069 4062 Verba
1083 4011 1223 4076 κασιγνήτη
1239 4012 1370 4079 ὁμομήτωρ

175 4099 297 4149 declarent
313 4115 396 4149 eorum
413 4100 522 4163 parentes
540 4102 643 4157 cretam
663 4113 737 4161 quere
754 4097 811 4145 hacc
826 4112 855 4145 ex
868 4097 950 4145 eadem
964 4096 1094 4159 theogonia
1111 4096 1236 4161 desumpta
1251 4096 1370 4145 videntur.

176 4184 206 4231 In
223 4181 321 4239 οννηθεῖ
333 4180 444 4247 θεογονίρι
460 4181 552 4230 coelum
568 4183 592 4230 ct
608 4184 673 4229 terra
691 4196 704 4228 a
720 4179 829 4229 Phanetc
843 4179 892 4229 sive
904 4179 978 4227 Erote
986 4180 1110 4244 procreate
1118 4178 1171 4243 ipsc
1179 4194 1261 4228 rursus
1269 4178 1370 4243 gignunt

176 4264 263 4313 Parcas
280 4264 433 4313 Centimancs
449 4262 569 4329 Cyclopes.

211 4346 238 4412 6)
257 4347 335 4396 Etiam
360 4346 558 4396 Autcchthonum
585 4345 663 4409 mythi
687 4344 765 4409 (velut
787 4344 812 4393 in
836 4343 917 4393 Attica
938 4346 963 4391 ct
987 4344 1097 4405 Arcadia)
1113 4343 1246 4409 comparari
1263 4345 1371 4408 possunt.

178 4430 317 4479 Herodotus
339 4429 396 4493 (IV.
415 4430 457 4490 59)
480 4431 563 4478 narrat
582 4429 644 4493 apud
664 4428 763 4492 Scythas
780 4425 903 4475 Tellurem
920 4441 1017 4475 uxorem
1034 4424 1116 4475 haberi
1132 4426 1212 4484 lovis,
1230 4425 1269 4474 cui
1286 4441 1371 4475 nomen

181 4512 294 4560 Παπαῖον
312 4510 415 4560 inditum
432 4510 500 4559 valde
516 4510 615 4576 probat,
634 4509 697 4558 hund
714 4507 784 4558 dubie
801 4507 831 4557 ob
846 4508 954 4573 parentis
969 4508 1173 4571 significationem.
