3250 5217
654 690 842 773 CAPUT
872 693 929 774 ll.

400 977 411 996 .
509 955 555 1003 DE
580 954 796 1005 FABULARUM
822 953 1082 1005 CHRONOLOGIA.

694 1121 857 1171 scribentibus
879 1138 952 1185 quum
966 1121 1017 1189 jam
1034 1121 1184 1185 aliquantum
1201 1120 1226 1168 iu
1243 1120 1282 1168 via
1297 1135 1389 1184 proces·

660 1205 747 1263 serint,
771 1204 849 1253 multa
866 1208 934 1253 extra
951 1205 1060 1253 ordinem
1078 1205 1220 1261 occurrunt,
1237 1218 1297 1266 quae
1313 1218 1389 1266 neque

657 1286 789 1351 praeterire
806 1287 857 1335 siue
874 1302 956 1336 causae
972 1287 1116 1336 detrimento
1128 1302 1205 1350 neque
1220 1285 1255 1335 ita
1263 1286 1390 1335 exhaurire

659 1374 772 1433 possunt,
795 1372 822 1416 ut
845 1368 865 1417 si
882 1368 908 1416 iu
924 1368 1003 1432 prima
1019 1369 1098 1433 operis
1114 1368 1267 1418 institutione
1284 1383 1388 1431 compre·

658 1450 730 1499 hensa
752 1451 859 1499 fuissent.
876 1450 977 1500 Lobeok.
994 1451 1073 1500 Praei.
1092 1451 1121 1500 ad
1138 1450 1253 1515 Aglaoph.
1271 1466 1295 1514 p.
1315 1450 1388 1502 vlll.

240 1660 254 1743 ἕ
280 1660 308 1723 l.
334 1660 496 1724 Dramata
520 1663 556 1725 de
579 1684 710 1745 quorum
734 1672 832 1723 aetate
853 1671 975 1724 caelant
998 1660 1171 1724 testimonia
1195 1670 1339 1722 veterum.
1443 1671 1444 1674 ’

240 1854 279 1919 Iu
314 1856 482 1921 Prodemio
514 1857 625 1921 monui
656 1858 824 1941 permagni
855 1856 948 1920 uobis
979 1876 1045 1919 esse
1075 1854 1229 1918 momenti
1251 1857 1386 1918 aetatem

193 1963 434 2047 compositionis
457 1963 692 2047 tragoediarum
716 1984 906 2047 cognoscere
928 1964 966 2025 ut
985 1961 1147 2045 scriptoris
1167 1960 1388 2043 cogitationes,

194 2070 371 2152 temporum
407 2071 518 2133 ordine
550 2069 735 2154 dispositas,
768 2069 884 2133 rectius
919 2067 1081 2151 persequi,
1106 2067 1334 2150 discrepantias
1357 2069 1390 2130 et

196 2174 391 2239 mutationes
422 2175 535 2239 melius
566 2174 746 2259 intelligere
776 2175 942 2259 possimus.
974 2173 1115 2237 Dimidia
1138 2195 1214 2237 sana
1237 2195 1311 2257 pars
1335 2196 1388 2236 su-

192 2280 360 2363 perstitum
393 2282 571 2346 dramatum
597 2284 630 2344 et
652 2280 754 2345 multo
778 2282 880 2365 major
902 2301 975 2364 pars
996 2279 1188 2363 perditorum
1215 2300 1279 2363 quo
1303 2300 1389 2342 anno

192 2387 369 2470 composita
392 2387 456 2450 siut
479 2391 657 2472 ignoratur,
682 2390 735 2452 sed
760 2388 846 2471 quia,
859 2386 1100 2470 chronologiam
1121 2386 1277 2449 scenicam
1298 2407 1389 2449 nosse

193 2495 303 2556 nostra
337 2496 464 2557 tautum
498 2494 647 2571 interest,
680 2493 761 2557 nihil
785 2498 834 2557 est
857 2493 1085 2577 negligendum
1109 2492 1194 2575 quod
1218 2496 1275 2555 aut
1294 2492 1387 2555 cortis

192 2599 383 2663 testimoniis
407 2606 463 2664 aut
487 2601 677 2685 conjecturis
702 2600 826 2683 assequi
848 2621 940 2683 possa
964 2599 1135 2662 videamur.

239 2704 308 2781 Qua
330 2706 369 2769 de
400 2728 433 2770 re
456 2706 606 2784 hocloco
633 2728 807 2791 exponam,
833 2708 1003 2789 antequam
1027 2704 1143 2788 tragici
1165 2704 1331 2787 ingenium
1355 2705 1388 2767 et

192 2833 295 2875 mores
319 2811 520 2890 adumhrem,
535 2812 686 2896 quoniam
706 2812 755 2875 his
775 2812 852 2896 ipsis
873 2809 1103 2895 cognoscendis
1122 2809 1188 2873 eius
1209 2831 1304 2894 opera
1315 2830 1384 2873 om-

194 2918 282 2981 nium
306 2918 371 2983 fere
395 2919 623 3003 amplissimam
647 2919 800 3003 praebent
820 2918 953 3002 copiam.

238 3024 386 3108 Sequitur
421 3024 497 3089 hinc
532 3026 669 3109 primum
706 3026 800 3089 series
835 3024 1014 3089 fabularum
1050 3023 1088 3087 de
1117 3044 1250 3107 quarum
1283 3026 1387 3087 aetate

192 3133 321 3195 exstant
344 3130 422 3195 satis
445 3134 531 3196 certa
555 3134 696 3195 veterum
721 3131 914 3195 testimonia.

238 3235 380 3301 Peliades
404 3237 546 3301 omnium
571 3238 708 3321 primum
733 3240 844 3301 doctae
867 3240 944 3300 sunt
1190 3233 1573 3318 01.81‚11).4aa.eu.n

236 3340 366 3408 Cressae
386 3342 541 3407 Alcmeou
565 3343 792 3427 Psophidensis
805 3342 964 3427 Telephus
976 3340 1162 3406 Alcestis
1187 3340 1327 3417 01.85‚2
1342 3340 1379 3425 2).
1399 3347 1447 3393 438

236 3446 378 3512 Medea
402 3448 594 3514 Philoctetes
618 3448 729 3533 Dictys
754 3448 918 3513 Theristae
1190 3446 1239 3512 Ol.
1253 3448 1328 3524 87,1
1358 3450 1381 3533 ).
1400 3458 1448 3505 431

1359 3556 1382 3639 ).

1345 3447 1356 3484 ³

1345 3554 1356 3591 t

238 3552 488 3639 Hippolytus
512 3557 739 3620 coronatus
1191 3552 1332 3632 01.87‚4
1400 3557 1449 3603 428

193 3752 384 3762 *—

226 3881 250 3940 1)
267 3880 321 3937 Βίος
341 3887 352 3928 Ι
368 3880 393 3929 ἰιι
415 3880 540 3930 l’oetarum
557 3882 704 3931 scenicorum
721 3883 869 3930 Graecorum
886 3880 990 3930 editione
1008 3881 1162 3930 Diudortisns
1180 3897 1216 3944 pg.
1234 3881 1280 3933 17:
1292 3878 1384 3947 ἰίρξοιτο

191 3960 218 4011 δὲ
236 3960 360 4011 διδάσκειν
378 3959 419 4011 ἐπὶ
437 3963 548 4012 Καλλίου
565 3962 689 4026 άρχονσος
706 3965 773 4013 ιιοιτδι
790 3961 954 4024 Ὀλυμπιάδα
967 3963 1011 4012 σοι’
1026 3961 1079 4012 ’ἔσει
1094 3963 1132 4019 σι’,
1147 3967 1242 4023 πρῶτον
1251 3961 1278 4012 δὲ
1287 3960 1385 4028 ἐδίδαξε

194 4046 242 4102 σάς
259 4042 400 4102 Πολιάδος,
419 4043 462 4094 ὅτε
479 4044 522 4093 nal
537 4046 623 4107 τρίτος
640 4042 748 4109 ἐγένετο.

228 4127 254 4191 2)
273 4127 406 4177 Didascalia
427 4127 554 4177 Alcestidis
577 4143 614 4192 ap.
633 4128 718 4179 Diod:
740 4124 861 4190 ἐδιδάχθη
878 4123 921 4176 ἐπὶ
937 4128 1071 4177 Γλοιιιιίιιοιι
1089 4126 1213 4189 άρχονσος
1230 4124 1385 4187 ὀλυμπιάδος

193 4209 231 4257 σε’
258 4206 311 4257 ’ἔτει
340 4207 463 4271 δευτέρῳ.
488 4213 585 4270 πρῶτος
608 4206 635 4268 ἦν
657 4212 796 4272 Σοφοκλῆς,
814 4207 927 4271 δεύτερος
943 4207 1075 4271 Εὗριπίδιςς
1091 4207 1229 4271 Κρήσσαις,
1245 4207 1385 4270 Ἀλκμέσιιιι

193 4294 228 4353 τῷ
261 4288 302 4338 dcl:
329 4288 460 4352 Ψάφιδος,
486 4289 606 4353 Τηλέφῳ,
632 4289 788 4349 Ἀλκήστιδι.
821 4291 967 4342 Fabularum
991 4292 1147 4358 superstitum
1173 4291 1258 4340 titulos
1283 4292 1385 4341 diductis

192 4372 269 4422 literis
286 4372 451 4438 exprimendos
468 4373 557 4423 curavi.

224 4456 252 4520 3)
272 4455 440 4519 Aristophanis
459 4454 526 4504 dact.
545 4458 645 4506 Medeae

224 4540 252 4600 4)
269 4537 351 4586 ‘'rorod.
