<?xml version="1.0" encoding="UTF-8"?>
<!DOCTYPE html PUBLIC "-//W3C//DTD XHTML 1.0 Transitional//EN"
    "http://www.w3.org/TR/xhtml1/DTD/xhtml1-transitional.dtd">
<html xmlns="http://www.w3.org/1999/xhtml" xml:lang="en" lang="en">
 <head>
  <title>
</title>
<meta http-equiv="Content-Type" content="text/html;charset=utf-8" />
  <meta name='ocr-system' content='tesseract 3.04.00' />
  <meta name='ocr-capabilities' content='ocr_page ocr_carea ocr_par ocr_line ocrx_word'/>
</head>
<body>
  <div class='ocr_page' id='page_1' title='image "./commentatiodeeu00unkngoog_0112.png"; bbox 0 0 3250 5217; ppageno 0'>
   <div class='ocr_carea' id='block_1_1' title="bbox 808 388 871 451">
    <p class='ocr_par' dir='ltr' id='par_1_1' title="bbox 808 388 871 451">
     <span class='ocr_line' id='line_1_1' title="bbox 808 388 871 451; baseline -0.016 0"><span class='ocrx_word' id='word_1_1' title='bbox 808 388 871 451; x_wconf 86' lang='lat'>100</span> 
     </span>
    </p>
   </div>
   <div class='ocr_carea' id='block_1_2' title="bbox 243 567 1438 868">
    <p class='ocr_par' dir='ltr' id='par_1_2' title="bbox 243 567 1438 868">
     <span class='ocr_line' id='line_1_2' title="bbox 244 567 1436 657; baseline -0.004 -21"><span class='ocrx_word' id='word_1_2' title='bbox 244 575 354 636; x_wconf 89' lang='lat' dir='ltr'>natam</span> <span class='ocrx_word' id='word_1_3' title='bbox 377 594 449 636; x_wconf 93' lang='lat' dir='ltr'>eum</span> <span class='ocrx_word' id='word_1_4' title='bbox 472 572 669 657; x_wconf 78' lang='lat' dir='ltr'><strong>perdituram</strong></span> <span class='ocrx_word' id='word_1_5' title='bbox 693 592 759 637; x_wconf 91' lang='lat' dir='ltr'>esse</span> <span class='ocrx_word' id='word_1_6' title='bbox 782 594 839 656; x_wconf 91' lang='lat' dir='ltr'>per</span> <span class='ocrx_word' id='word_1_7' title='bbox 861 592 1015 636; x_wconf 91' lang='lat' dir='ltr'>novercae</span> <span class='ocrx_word' id='word_1_8' title='bbox 1039 570 1203 635; x_wconf 77' lang='lat' dir='ltr'>Phaedrae</span> <span class='ocrx_word' id='word_1_9' title='bbox 1226 589 1365 633; x_wconf 88' lang='lat' dir='ltr'>amorem</span> <span class='ocrx_word' id='word_1_10' title='bbox 1383 567 1436 631; x_wconf 92' lang='lat' dir='ltr'>in-</span> 
     </span>
     <span class='ocr_line' id='line_1_3' title="bbox 243 674 1438 744; baseline -0.006 0"><span class='ocrx_word' id='word_1_11' title='bbox 243 701 365 744; x_wconf 90' lang='lat' dir='ltr'>sanum.</span> <span class='ocrx_word' id='word_1_12' title='bbox 398 678 583 744; x_wconf 76' lang='lat' dir='ltr'><strong>Innocentis</strong></span> <span class='ocrx_word' id='word_1_13' title='bbox 614 678 777 744; x_wconf 80' lang='lat' dir='ltr'>Phaedrae</span> <span class='ocrx_word' id='word_1_14' title='bbox 801 678 934 743; x_wconf 84' lang='lat' dir='ltr'>exitium</span> <span class='ocrx_word' id='word_1_15' title='bbox 957 676 1142 741; x_wconf 73' lang='lat' dir='ltr'>inevitabile</span> <span class='ocrx_word' id='word_1_16' title='bbox 1166 674 1271 739; x_wconf 89' lang='lat' dir='ltr'>minus</span> <span class='ocrx_word' id='word_1_17' title='bbox 1294 677 1438 738; x_wconf 89' lang='lat' dir='ltr'>moratur</span> 
     </span>
     <span class='ocr_line' id='line_1_4' title="bbox 243 778 1436 868; baseline -0.006 -19"><span class='ocrx_word' id='word_1_18' title='bbox 243 787 416 850; x_wconf 93' lang='lat' dir='ltr'>dummodo</span> <span class='ocrx_word' id='word_1_19' title='bbox 438 784 500 849; x_wconf 90' lang='lat' dir='ltr'>sibi</span> <span class='ocrx_word' id='word_1_20' title='bbox 520 789 625 849; x_wconf 89' lang='lat' dir='ltr'>castus</span> <span class='ocrx_word' id='word_1_21' title='bbox 640 784 769 868; x_wconf 88' lang='lat' dir='ltr'>juvenis</span> <span class='ocrx_word' id='word_1_22' title='bbox 784 805 905 868; x_wconf 90' lang='lat' dir='ltr'>poenas</span> <span class='ocrx_word' id='word_1_23' title='bbox 916 783 994 847; x_wconf 89' lang='lat' dir='ltr'>luat.</span> <span class='ocrx_word' id='word_1_24' title='bbox 1009 780 1126 846; x_wconf 87' lang='lat' dir='ltr'>Omnia</span> <span class='ocrx_word' id='word_1_25' title='bbox 1137 780 1237 865; x_wconf 89' lang='lat' dir='ltr'>igitur</span> <span class='ocrx_word' id='word_1_26' title='bbox 1248 782 1289 843; x_wconf 89' lang='lat' dir='ltr'>ad</span> <span class='ocrx_word' id='word_1_27' title='bbox 1302 778 1436 844; x_wconf 90' lang='lat' dir='ltr'>Veneris</span> 
     </span>
    </p>
   </div>
   <div class='ocr_carea' id='block_1_3' title="bbox 232 886 1435 4570">
    <p class='ocr_par' dir='ltr' id='par_1_3' title="bbox 241 886 1435 1820">
     <span class='ocr_line' id='line_1_5' title="bbox 243 886 1435 973; baseline -0.005 -19"><span class='ocrx_word' id='word_1_28' title='bbox 243 891 358 954; x_wconf 89' lang='lat' dir='ltr'>nutum</span> <span class='ocrx_word' id='word_1_29' title='bbox 382 891 568 973; x_wconf 89' lang='lat' dir='ltr'>procedunt.</span> <span class='ocrx_word' id='word_1_30' title='bbox 602 890 776 973; x_wconf 90' lang='lat' dir='ltr'>Postquam</span> <span class='ocrx_word' id='word_1_31' title='bbox 801 889 912 954; x_wconf 86' lang='lat' dir='ltr'>nutrix</span> <span class='ocrx_word' id='word_1_32' title='bbox 935 888 1101 953; x_wconf 83' lang='lat' dir='ltr'>Phaedrae</span> <span class='ocrx_word' id='word_1_33' title='bbox 1121 886 1262 951; x_wconf 85' lang='lat' dir='ltr'>furorem</span> <span class='ocrx_word' id='word_1_34' title='bbox 1285 886 1435 969; x_wconf 86' lang='lat' dir='ltr'>privigno</span> 
     </span>
     <span class='ocr_line' id='line_1_6' title="bbox 242 992 1434 1080; baseline -0.004 -21"><span class='ocrx_word' id='word_1_35' title='bbox 242 996 363 1080; x_wconf 90' lang='lat' dir='ltr'>prodiit</span> <span class='ocrx_word' id='word_1_36' title='bbox 391 996 502 1060; x_wconf 84' lang='lat' dir='ltr'>infelix</span> <span class='ocrx_word' id='word_1_37' title='bbox 531 997 643 1079; x_wconf 88' lang='lat' dir='ltr'>regina</span> <span class='ocrx_word' id='word_1_38' title='bbox 674 1000 809 1061; x_wconf 92' lang='lat' dir='ltr'>mortem</span> <span class='ocrx_word' id='word_1_39' title='bbox 834 996 895 1060; x_wconf 93' lang='lat' dir='ltr'>sibi</span> <span class='ocrx_word' id='word_1_40' title='bbox 918 994 1086 1063; x_wconf 76' lang='lat' dir='ltr'>consciscit</span> <span class='ocrx_word' id='word_1_41' title='bbox 1109 992 1228 1057; x_wconf 92' lang='lat' dir='ltr'>relictis</span> <span class='ocrx_word' id='word_1_42' title='bbox 1252 996 1361 1056; x_wconf 88' lang='lat' dir='ltr'>tamen</span> <span class='ocrx_word' id='word_1_43' title='bbox 1384 994 1434 1055; x_wconf 87' lang='lat' dir='ltr'>ta·</span> 
     </span>
     <span class='ocr_line' id='line_1_7' title="bbox 242 1094 1434 1186; baseline -0.004 -22"><span class='ocrx_word' id='word_1_44' title='bbox 242 1100 334 1165; x_wconf 90' lang='lat' dir='ltr'>bellis</span> <span class='ocrx_word' id='word_1_45' title='bbox 357 1101 472 1185; x_wconf 90' lang='lat' dir='ltr'>quibus</span> <span class='ocrx_word' id='word_1_46' title='bbox 494 1101 707 1186; x_wconf 89' lang='lat' dir='ltr'>Hippolytum</span> <span class='ocrx_word' id='word_1_47' title='bbox 732 1104 934 1166; x_wconf 86' lang='lat' dir='ltr'>accusaverat</span> <span class='ocrx_word' id='word_1_48' title='bbox 956 1098 1105 1164; x_wconf 90' lang='lat' dir='ltr'>adulterii</span> <span class='ocrx_word' id='word_1_49' title='bbox 1133 1120 1152 1162; x_wconf 89' lang='lat' dir='ltr'>a</span> <span class='ocrx_word' id='word_1_50' title='bbox 1175 1120 1208 1162; x_wconf 91' lang='lat' dir='ltr'>se</span> <span class='ocrx_word' id='word_1_51' title='bbox 1231 1097 1333 1182; x_wconf 88' lang='lat' dir='ltr'>petiti.</span> <span class='ocrx_word' id='word_1_52' title='bbox 1366 1094 1434 1171; x_wconf 81' lang='lat' dir='ltr'>Quo</span> 
     </span>
     <span class='ocr_line' id='line_1_8' title="bbox 242 1203 1433 1291; baseline -0.003 -22"><span class='ocrx_word' id='word_1_53' title='bbox 242 1205 322 1269; x_wconf 91' lang='lat' dir='ltr'>falso</span> <span class='ocrx_word' id='word_1_54' title='bbox 355 1206 488 1271; x_wconf 89' lang='lat' dir='ltr'>crimine</span> <span class='ocrx_word' id='word_1_55' title='bbox 511 1212 617 1271; x_wconf 88' lang='lat' dir='ltr'>motus</span> <span class='ocrx_word' id='word_1_56' title='bbox 641 1229 738 1291; x_wconf 92' lang='lat' dir='ltr'>quum</span> <span class='ocrx_word' id='word_1_57' title='bbox 762 1206 901 1271; x_wconf 85' lang='lat' dir='ltr'>Theseus</span> <span class='ocrx_word' id='word_1_58' title='bbox 925 1210 1058 1290; x_wconf 84' lang='lat' dir='ltr'>epatre</span> <span class='ocrx_word' id='word_1_59' title='bbox 1081 1203 1234 1288; x_wconf 89' lang='lat' dir='ltr'>Neptuno</span> <span class='ocrx_word' id='word_1_60' title='bbox 1258 1223 1376 1288; x_wconf 85' lang='lat' dir='ltr'>poenas</span> <span class='ocrx_word' id='word_1_61' title='bbox 1398 1203 1433 1266; x_wconf 93' lang='lat' dir='ltr'>in</span> 
     </span>
     <span class='ocr_line' id='line_1_9' title="bbox 246 1308 1430 1397; baseline -0.003 -23"><span class='ocrx_word' id='word_1_62' title='bbox 246 1310 344 1375; x_wconf 86' lang='lat' dir='ltr'>lilium</span> <span class='ocrx_word' id='word_1_63' title='bbox 366 1311 538 1395; x_wconf 88' lang='lat' dir='ltr'>irrogavit,</span> <span class='ocrx_word' id='word_1_64' title='bbox 558 1313 684 1397; x_wconf 89' lang='lat' dir='ltr'>juvenis</span> <span class='ocrx_word' id='word_1_65' title='bbox 704 1312 798 1377; x_wconf 91' lang='lat' dir='ltr'>huius</span> <span class='ocrx_word' id='word_1_66' title='bbox 819 1332 915 1396; x_wconf 89' lang='lat' dir='ltr'>opera</span> <span class='ocrx_word' id='word_1_67' title='bbox 935 1310 1057 1375; x_wconf 90' lang='lat' dir='ltr'>miseris</span> <span class='ocrx_word' id='word_1_68' title='bbox 1075 1310 1235 1375; x_wconf 89' lang='lat' dir='ltr'>cruciatur</span> <span class='ocrx_word' id='word_1_69' title='bbox 1253 1308 1430 1373; x_wconf 88' lang='lat' dir='ltr'>tormentis.</span> 
     </span>
     <span class='ocr_line' id='line_1_10' title="bbox 241 1413 1432 1502; baseline -0.003 -22"><span class='ocrx_word' id='word_1_70' title='bbox 241 1417 427 1501; x_wconf 75' lang='lat' dir='ltr'>Antequam</span> <span class='ocrx_word' id='word_1_71' title='bbox 462 1418 635 1495; x_wconf 89' lang='lat' dir='ltr'>moriatur,</span> <span class='ocrx_word' id='word_1_72' title='bbox 667 1416 773 1482; x_wconf 87' lang='lat' dir='ltr'>Diana</span> <span class='ocrx_word' id='word_1_73' title='bbox 804 1422 940 1502; x_wconf 86' lang='lat' dir='ltr'>patrona</span> <span class='ocrx_word' id='word_1_74' title='bbox 969 1415 1186 1481; x_wconf 80' lang='lat' dir='ltr'>innocentiam</span> <span class='ocrx_word' id='word_1_75' title='bbox 1217 1415 1284 1479; x_wconf 89' lang='lat' dir='ltr'>eius</span> <span class='ocrx_word' id='word_1_76' title='bbox 1313 1413 1432 1478; x_wconf 85' lang='lat' dir='ltr'>Theseo</span> 
     </span>
     <span class='ocr_line' id='line_1_11' title="bbox 243 1520 1434 1607; baseline -0.003 -22"><span class='ocrx_word' id='word_1_77' title='bbox 243 1521 363 1605; x_wconf 89' lang='lat' dir='ltr'>aperit,</span> <span class='ocrx_word' id='word_1_78' title='bbox 395 1523 515 1587; x_wconf 88' lang='lat' dir='ltr'>addens</span> <span class='ocrx_word' id='word_1_79' title='bbox 539 1546 667 1588; x_wconf 88' lang='lat' dir='ltr'>seeum</span> <span class='ocrx_word' id='word_1_80' title='bbox 691 1544 816 1588; x_wconf 89' lang='lat' dir='ltr'>servare</span> <span class='ocrx_word' id='word_1_81' title='bbox 838 1544 907 1587; x_wconf 91' lang='lat' dir='ltr'>non</span> <span class='ocrx_word' id='word_1_82' title='bbox 930 1522 1088 1607; x_wconf 87' lang='lat' dir='ltr'>potuisse;</span> <span class='ocrx_word' id='word_1_83' title='bbox 1114 1521 1217 1606; x_wconf 90' lang='lat' dir='ltr'>legem</span> <span class='ocrx_word' id='word_1_84' title='bbox 1241 1520 1326 1583; x_wconf 92' lang='lat' dir='ltr'>enim</span> <span class='ocrx_word' id='word_1_85' title='bbox 1349 1520 1434 1583; x_wconf 88' lang='lat' dir='ltr'>inter</span> 
     </span>
     <span class='ocr_line' id='line_1_12' title="bbox 242 1626 1432 1713; baseline -0.002 -22"><span class='ocrx_word' id='word_1_86' title='bbox 242 1648 372 1711; x_wconf 89' lang='lat' dir='ltr'>superos</span> <span class='ocrx_word' id='word_1_87' title='bbox 393 1628 517 1712; x_wconf 89' lang='lat' dir='ltr'>vigere,</span> <span class='ocrx_word' id='word_1_88' title='bbox 538 1651 619 1713; x_wconf 89' lang='lat' dir='ltr'>quae</span> <span class='ocrx_word' id='word_1_89' title='bbox 640 1632 728 1694; x_wconf 89' lang='lat' dir='ltr'>vetet</span> <span class='ocrx_word' id='word_1_90' title='bbox 740 1629 874 1693; x_wconf 88' lang='lat' dir='ltr'>alterum</span> <span class='ocrx_word' id='word_1_91' title='bbox 888 1629 981 1693; x_wconf 90' lang='lat' dir='ltr'>deum</span> <span class='ocrx_word' id='word_1_92' title='bbox 994 1627 1123 1693; x_wconf 90' lang='lat' dir='ltr'>alterius</span> <span class='ocrx_word' id='word_1_93' title='bbox 1135 1626 1248 1691; x_wconf 91' lang='lat' dir='ltr'>studiis</span> <span class='ocrx_word' id='word_1_94' title='bbox 1259 1646 1432 1690; x_wconf 87' lang='lat' dir='ltr'>occurrere.</span> 
     </span>
     <span class='ocr_line' id='line_1_13' title="bbox 242 1731 1432 1820; baseline 0.003 -24"><span class='ocrx_word' id='word_1_95' title='bbox 242 1732 415 1817; x_wconf 87' lang='lat' dir='ltr'>Postquam</span> <span class='ocrx_word' id='word_1_96' title='bbox 437 1734 565 1818; x_wconf 86' lang='lat' dir='ltr'>juvenis</span> <span class='ocrx_word' id='word_1_97' title='bbox 589 1756 660 1799; x_wconf 92' lang='lat' dir='ltr'>eum</span> <span class='ocrx_word' id='word_1_98' title='bbox 685 1738 776 1818; x_wconf 89' lang='lat' dir='ltr'>patre</span> <span class='ocrx_word' id='word_1_99' title='bbox 800 1736 835 1799; x_wconf 91' lang='lat' dir='ltr'>in</span> <span class='ocrx_word' id='word_1_100' title='bbox 859 1735 997 1820; x_wconf 74' lang='lat' dir='ltr'>gratim</span> <span class='ocrx_word' id='word_1_101' title='bbox 1021 1734 1133 1810; x_wconf 90' lang='lat' dir='ltr'>rediit,</span> <span class='ocrx_word' id='word_1_102' title='bbox 1153 1732 1299 1817; x_wconf 88' lang='lat' dir='ltr'>spiritum</span> <span class='ocrx_word' id='word_1_103' title='bbox 1318 1731 1432 1798; x_wconf 87' lang='lat' dir='ltr'>reddit.</span> 
     </span>
    </p>

    <p class='ocr_par' dir='ltr' id='par_1_4' title="bbox 236 1836 1433 2770">
     <span class='ocr_line' id='line_1_14' title="bbox 285 1836 1431 1924; baseline 0 -23"><span class='ocrx_word' id='word_1_104' title='bbox 285 1837 370 1902; x_wconf 88' lang='lat' dir='ltr'>Huic</span> <span class='ocrx_word' id='word_1_105' title='bbox 404 1844 594 1924; x_wconf 86' lang='lat' dir='ltr'>argumento</span> <span class='ocrx_word' id='word_1_106' title='bbox 628 1841 737 1905; x_wconf 88' lang='lat' dir='ltr'>subest</span> <span class='ocrx_word' id='word_1_107' title='bbox 770 1841 851 1905; x_wconf 93' lang='lat' dir='ltr'>illud</span> <span class='ocrx_word' id='word_1_108' title='bbox 883 1841 969 1924; x_wconf 93' lang='lat' dir='ltr'>quod</span> <span class='ocrx_word' id='word_1_109' title='bbox 1003 1839 1186 1923; x_wconf 86' lang='lat' dir='ltr'>frequenter</span> <span class='ocrx_word' id='word_1_110' title='bbox 1218 1838 1284 1921; x_wconf 87' lang='lat' dir='ltr'>jam</span> <span class='ocrx_word' id='word_1_111' title='bbox 1321 1836 1431 1921; x_wconf 92' lang='lat' dir='ltr'>depre-</span> 
     </span>
     <span class='ocr_line' id='line_1_15' title="bbox 239 1942 1433 2032; baseline 0 -25"><span class='ocrx_word' id='word_1_112' title='bbox 239 1943 406 2009; x_wconf 90' lang='lat' dir='ltr'>hendimus</span> <span class='ocrx_word' id='word_1_113' title='bbox 419 1942 560 2011; x_wconf 81' lang='lat' dir='ltr'>Graecae</span> <span class='ocrx_word' id='word_1_114' title='bbox 573 1947 747 2031; x_wconf 82' lang='lat' dir='ltr'>sapientiae</span> <span class='ocrx_word' id='word_1_115' title='bbox 758 1947 970 2032; x_wconf 88' lang='lat' dir='ltr'>principium:</span> <span class='ocrx_word' id='word_1_116' title='bbox 994 1945 1112 2009; x_wconf 92' lang='lat' dir='ltr'>homo</span> <span class='ocrx_word' id='word_1_117' title='bbox 1136 1947 1313 2008; x_wconf 90' lang='lat' dir='ltr'>naturae</span> <span class='ocrx_word' id='word_1_118' title='bbox 1336 1964 1433 2007; x_wconf 87' lang='lat' dir='ltr'>suae</span> 
     </span>
     <span class='ocr_line' id='line_1_16' title="bbox 238 2049 1433 2137; baseline -0.001 -24"><span class='ocrx_word' id='word_1_119' title='bbox 238 2049 353 2116; x_wconf 88' lang='lat' dir='ltr'>fines</span> <span class='ocrx_word' id='word_1_120' title='bbox 377 2073 426 2116; x_wconf 90' lang='lat' dir='ltr'>ne</span> <span class='ocrx_word' id='word_1_121' title='bbox 449 2054 706 2136; x_wconf 86' lang='lat' dir='ltr'>egrediatur.</span> <span class='ocrx_word' id='word_1_122' title='bbox 731 2052 822 2129; x_wconf 83' lang='lat' dir='ltr'>Quod</span> <span class='ocrx_word' id='word_1_123' title='bbox 844 2056 1050 2137; x_wconf 87' lang='lat' dir='ltr'>praeceptum</span> <span class='ocrx_word' id='word_1_124' title='bbox 1074 2071 1205 2114; x_wconf 88' lang='lat' dir='ltr'>aureum</span> <span class='ocrx_word' id='word_1_125' title='bbox 1228 2070 1326 2133; x_wconf 91' lang='lat' dir='ltr'>quum</span> <span class='ocrx_word' id='word_1_126' title='bbox 1349 2052 1433 2131; x_wconf 87' lang='lat' dir='ltr'>apud</span> 
     </span>
     <span class='ocr_line' id='line_1_17' title="bbox 238 2155 1430 2243; baseline 0 -24"><span class='ocrx_word' id='word_1_127' title='bbox 238 2156 376 2241; x_wconf 80' lang='lat' dir='ltr'>reliquos</span> <span class='ocrx_word' id='word_1_128' title='bbox 407 2160 517 2241; x_wconf 86' lang='lat' dir='ltr'>poetas</span> <span class='ocrx_word' id='word_1_129' title='bbox 547 2158 734 2243; x_wconf 90' lang='lat' dir='ltr'>plerumque</span> <span class='ocrx_word' id='word_1_130' title='bbox 762 2159 1003 2243; x_wconf 89' lang='lat' dir='ltr'>comprobatum</span> <span class='ocrx_word' id='word_1_131' title='bbox 1027 2157 1165 2221; x_wconf 90' lang='lat' dir='ltr'>vidimus</span> <span class='ocrx_word' id='word_1_132' title='bbox 1188 2155 1300 2239; x_wconf 91' lang='lat' dir='ltr'>poenis</span> <span class='ocrx_word' id='word_1_133' title='bbox 1322 2175 1430 2219; x_wconf 91' lang='lat' dir='ltr'>eorum</span> 
     </span>
     <span class='ocr_line' id='line_1_18' title="bbox 238 2262 1430 2349; baseline -0.001 -24"><span class='ocrx_word' id='word_1_134' title='bbox 238 2263 294 2345; x_wconf 91' lang='lat' dir='ltr'>qui</span> <span class='ocrx_word' id='word_1_135' title='bbox 326 2264 460 2347; x_wconf 90' lang='lat' dir='ltr'>imperio</span> <span class='ocrx_word' id='word_1_136' title='bbox 485 2264 585 2328; x_wconf 92' lang='lat' dir='ltr'>nimia</span> <span class='ocrx_word' id='word_1_137' title='bbox 609 2265 777 2349; x_wconf 87' lang='lat' dir='ltr'>complecti</span> <span class='ocrx_word' id='word_1_138' title='bbox 801 2264 1013 2339; x_wconf 86' lang='lat' dir='ltr'>studuissent,</span> <span class='ocrx_word' id='word_1_139' title='bbox 1039 2273 1096 2327; x_wconf 89' lang='lat' dir='ltr'>aut</span> <span class='ocrx_word' id='word_1_140' title='bbox 1118 2262 1275 2346; x_wconf 87' lang='lat' dir='ltr'>sapientia</span> <span class='ocrx_word' id='word_1_141' title='bbox 1297 2283 1354 2325; x_wconf 89' lang='lat' dir='ltr'>sna</span> <span class='ocrx_word' id='word_1_142' title='bbox 1379 2284 1430 2325; x_wconf 89' lang='lat' dir='ltr'>ar·</span> 
     </span>
     <span class='ocr_line' id='line_1_19' title="bbox 238 2369 1431 2455; baseline 0.001 -24"><span class='ocrx_word' id='word_1_143' title='bbox 238 2369 406 2452; x_wconf 79' lang='lat' dir='ltr'>rogantina</span> <span class='ocrx_word' id='word_1_144' title='bbox 434 2370 546 2433; x_wconf 88' lang='lat' dir='ltr'>confisi</span> <span class='ocrx_word' id='word_1_145' title='bbox 574 2376 694 2455; x_wconf 84' lang='lat' dir='ltr'>essent,</span> <span class='ocrx_word' id='word_1_146' title='bbox 720 2376 776 2434; x_wconf 92' lang='lat' dir='ltr'>aut</span> <span class='ocrx_word' id='word_1_147' title='bbox 795 2374 927 2454; x_wconf 88' lang='lat' dir='ltr'>propter</span> <span class='ocrx_word' id='word_1_148' title='bbox 950 2369 1131 2455; x_wconf 88' lang='lat' dir='ltr'>superbiam</span> <span class='ocrx_word' id='word_1_149' title='bbox 1154 2369 1302 2452; x_wconf 88' lang='lat' dir='ltr'>cuiquam</span> <span class='ocrx_word' id='word_1_150' title='bbox 1322 2372 1431 2433; x_wconf 89' lang='lat' dir='ltr'>cedere</span> 
     </span>
     <span class='ocr_line' id='line_1_20' title="bbox 239 2474 1429 2560; baseline 0.002 -23"><span class='ocrx_word' id='word_1_151' title='bbox 239 2474 427 2559; x_wconf 82' lang='lat' dir='ltr'>noluissent,</span> <span class='ocrx_word' id='word_1_152' title='bbox 449 2475 482 2537; x_wconf 91' lang='lat' dir='ltr'>in</span> <span class='ocrx_word' id='word_1_153' title='bbox 507 2476 567 2539; x_wconf 89' lang='lat' dir='ltr'>hac</span> <span class='ocrx_word' id='word_1_154' title='bbox 590 2477 755 2559; x_wconf 86' lang='lat' dir='ltr'>tragoedia</span> <span class='ocrx_word' id='word_1_155' title='bbox 778 2475 989 2559; x_wconf 90' lang='lat' dir='ltr'>pulcherrime</span> <span class='ocrx_word' id='word_1_156' title='bbox 1012 2476 1193 2539; x_wconf 89' lang='lat' dir='ltr'>illustratur</span> <span class='ocrx_word' id='word_1_157' title='bbox 1215 2475 1359 2559; x_wconf 84' lang='lat' dir='ltr'>exemplo</span> <span class='ocrx_word' id='word_1_158' title='bbox 1376 2476 1429 2560; x_wconf 89' lang='lat' dir='ltr'>ju·</span> 
     </span>
     <span class='ocr_line' id='line_1_21' title="bbox 236 2580 1431 2666; baseline 0.003 -24"><span class='ocrx_word' id='word_1_159' title='bbox 236 2580 344 2656; x_wconf 90' lang='lat' dir='ltr'>venis,</span> <span class='ocrx_word' id='word_1_160' title='bbox 369 2583 424 2664; x_wconf 89' lang='lat' dir='ltr'>qui</span> <span class='ocrx_word' id='word_1_161' title='bbox 451 2581 549 2644; x_wconf 87' lang='lat' dir='ltr'>vitam</span> <span class='ocrx_word' id='word_1_162' title='bbox 574 2582 690 2645; x_wconf 92' lang='lat' dir='ltr'>amoris</span> <span class='ocrx_word' id='word_1_163' title='bbox 714 2585 877 2666; x_wconf 85' lang='lat' dir='ltr'>expertam</span> <span class='ocrx_word' id='word_1_164' title='bbox 898 2602 992 2666; x_wconf 88' lang='lat' dir='ltr'>agere</span> <span class='ocrx_word' id='word_1_165' title='bbox 1011 2604 1107 2646; x_wconf 89' lang='lat' dir='ltr'>ausus</span> <span class='ocrx_word' id='word_1_166' title='bbox 1126 2582 1287 2646; x_wconf 86' lang='lat' dir='ltr'>communi</span> <span class='ocrx_word' id='word_1_167' title='bbox 1305 2582 1431 2665; x_wconf 80' lang='lat' dir='ltr'>generis</span> 
     </span>
     <span class='ocr_line' id='line_1_22' title="bbox 236 2683 905 2770; baseline 0.007 -23"><span class='ocrx_word' id='word_1_168' title='bbox 236 2683 370 2748; x_wconf 88' lang='lat' dir='ltr'>humani</span> <span class='ocrx_word' id='word_1_169' title='bbox 392 2685 463 2769; x_wconf 91' lang='lat' dir='ltr'>lege</span> <span class='ocrx_word' id='word_1_170' title='bbox 488 2686 681 2770; x_wconf 89' lang='lat' dir='ltr'>superiorem</span> <span class='ocrx_word' id='word_1_171' title='bbox 705 2709 737 2751; x_wconf 93' lang='lat' dir='ltr'>se</span> <span class='ocrx_word' id='word_1_172' title='bbox 760 2687 905 2770; x_wconf 88' lang='lat' dir='ltr'>putebat.</span> 
     </span>
    </p>

    <p class='ocr_par' dir='ltr' id='par_1_5' title="bbox 232 2790 1430 4570">
     <span class='ocr_line' id='line_1_23' title="bbox 264 2790 1428 2878; baseline 0.003 -23"><span class='ocrx_word' id='word_1_173' title='bbox 264 2790 392 2872; x_wconf 86' lang='lat' dir='ltr'>¹Venus</span> <span class='ocrx_word' id='word_1_174' title='bbox 411 2793 710 2859; x_wconf 89' lang='lat' dir='ltr'>convenientissime</span> <span class='ocrx_word' id='word_1_175' title='bbox 730 2794 796 2858; x_wconf 91' lang='lat' dir='ltr'>eius</span> <span class='ocrx_word' id='word_1_176' title='bbox 816 2794 896 2877; x_wconf 89' lang='lat' dir='ltr'>legis</span> <span class='ocrx_word' id='word_1_177' title='bbox 912 2797 1019 2878; x_wconf 87' lang='lat' dir='ltr'>partes</span> <span class='ocrx_word' id='word_1_178' title='bbox 1037 2794 1120 2858; x_wconf 86' lang='lat' dir='ltr'>tueri</span> <span class='ocrx_word' id='word_1_179' title='bbox 1138 2794 1264 2858; x_wconf 88' lang='lat' dir='ltr'>videtur</span> <span class='ocrx_word' id='word_1_180' title='bbox 1275 2798 1308 2859; x_wconf 90' lang='lat' dir='ltr'>et</span> <span class='ocrx_word' id='word_1_181' title='bbox 1320 2797 1428 2858; x_wconf 89' lang='lat' dir='ltr'>tamen</span> 
     </span>
     <span class='ocr_line' id='line_1_24' title="bbox 236 2897 1428 2984; baseline 0.003 -24"><span class='ocrx_word' id='word_1_182' title='bbox 236 2897 297 2961; x_wconf 94' lang='lat' dir='ltr'>hoc</span> <span class='ocrx_word' id='word_1_183' title='bbox 320 2898 424 2982; x_wconf 88' lang='lat' dir='ltr'>ipsum</span> <span class='ocrx_word' id='word_1_184' title='bbox 446 2898 550 2963; x_wconf 88' lang='lat' dir='ltr'>effecit</span> <span class='ocrx_word' id='word_1_185' title='bbox 569 2904 606 2963; x_wconf 90' lang='lat' dir='ltr'>ut</span> <span class='ocrx_word' id='word_1_186' title='bbox 627 2905 692 2965; x_wconf 87' lang='lat' dir='ltr'>tam</span> <span class='ocrx_word' id='word_1_187' title='bbox 712 2904 805 2984; x_wconf 87' lang='lat' dir='ltr'>turpe</span> <span class='ocrx_word' id='word_1_188' title='bbox 826 2903 943 2964; x_wconf 90' lang='lat' dir='ltr'>ettam</span> <span class='ocrx_word' id='word_1_189' title='bbox 963 2900 1126 2965; x_wconf 91' lang='lat' dir='ltr'>infirmum</span> <span class='ocrx_word' id='word_1_190' title='bbox 1146 2898 1252 2964; x_wconf 87' lang='lat' dir='ltr'>bacin</span> <span class='ocrx_word' id='word_1_191' title='bbox 1263 2900 1428 2983; x_wconf 88' lang='lat' dir='ltr'>tragoedia</span> 
     </span>
     <span class='ocr_line' id='line_1_25' title="bbox 239 3004 1427 3089; baseline 0.002 -23"><span class='ocrx_word' id='word_1_192' title='bbox 239 3004 383 3068; x_wconf 90' lang='lat' dir='ltr'>divinum</span> <span class='ocrx_word' id='word_1_193' title='bbox 407 3004 593 3069; x_wconf 85' lang='lat' dir='ltr'>exhibeatur</span> <span class='ocrx_word' id='word_1_194' title='bbox 615 3006 793 3089; x_wconf 85' lang='lat' dir='ltr'>imperium.</span> <span class='ocrx_word' id='word_1_195' title='bbox 818 3004 902 3070; x_wconf 90' lang='lat' dir='ltr'>Nam</span> <span class='ocrx_word' id='word_1_196' title='bbox 927 3006 1062 3070; x_wconf 90' lang='lat' dir='ltr'>crudelis</span> <span class='ocrx_word' id='word_1_197' title='bbox 1082 3006 1140 3069; x_wconf 92' lang='lat' dir='ltr'>dea</span> <span class='ocrx_word' id='word_1_198' title='bbox 1157 3006 1321 3089; x_wconf 87' lang='lat' dir='ltr'>pingenda</span> <span class='ocrx_word' id='word_1_199' title='bbox 1341 3008 1427 3081; x_wconf 90' lang='lat' dir='ltr'>erat,</span> 
     </span>
     <span class='ocr_line' id='line_1_26' title="bbox 236 3109 1428 3196; baseline 0.001 -24"><span class='ocrx_word' id='word_1_200' title='bbox 236 3109 353 3193; x_wconf 90' lang='lat' dir='ltr'>quippe</span> <span class='ocrx_word' id='word_1_201' title='bbox 384 3109 530 3173; x_wconf 88' lang='lat' dir='ltr'>amabilis</span> <span class='ocrx_word' id='word_1_202' title='bbox 562 3112 703 3195; x_wconf 89' lang='lat' dir='ltr'>castique</span> <span class='ocrx_word' id='word_1_203' title='bbox 723 3112 853 3196; x_wconf 85' lang='lat' dir='ltr'>juvenis</span> <span class='ocrx_word' id='word_1_204' title='bbox 876 3111 1008 3175; x_wconf 87' lang='lat' dir='ltr'>exitium</span> <span class='ocrx_word' id='word_1_205' title='bbox 1032 3133 1150 3194; x_wconf 89' lang='lat' dir='ltr'>parans</span> <span class='ocrx_word' id='word_1_206' title='bbox 1179 3110 1428 3174; x_wconf 86' lang='lat' dir='ltr'>innocentis</span> 
     </span>
     <span class='ocr_line' id='line_1_27' title="bbox 235 3212 1428 3300; baseline 0.003 -24"><span class='ocrx_word' id='word_1_207' title='bbox 235 3212 373 3279; x_wconf 88' lang='lat' dir='ltr'>feminae</span> <span class='ocrx_word' id='word_1_208' title='bbox 397 3215 503 3280; x_wconf 86' lang='lat' dir='ltr'>furore</span> <span class='ocrx_word' id='word_1_209' title='bbox 527 3219 560 3279; x_wconf 91' lang='lat' dir='ltr'>et</span> <span class='ocrx_word' id='word_1_210' title='bbox 579 3222 682 3280; x_wconf 88' lang='lat' dir='ltr'>morte</span> <span class='ocrx_word' id='word_1_211' title='bbox 701 3217 868 3292; x_wconf 81' lang='lat' dir='ltr'>indecora3</span> <span class='ocrx_word' id='word_1_212' title='bbox 889 3216 970 3280; x_wconf 90' lang='lat' dir='ltr'>nihil</span> <span class='ocrx_word' id='word_1_213' title='bbox 989 3216 1089 3300; x_wconf 88' lang='lat' dir='ltr'>igitur</span> <span class='ocrx_word' id='word_1_214' title='bbox 1108 3216 1171 3280; x_wconf 91' lang='lat' dir='ltr'>nisi</span> <span class='ocrx_word' id='word_1_215' title='bbox 1190 3216 1268 3280; x_wconf 84' lang='lat' dir='ltr'>vitia</span> <span class='ocrx_word' id='word_1_216' title='bbox 1287 3216 1428 3279; x_wconf 87' lang='lat' dir='ltr'>humana</span> 
     </span>
     <span class='ocr_line' id='line_1_28' title="bbox 234 3321 1429 3399; baseline 0.002 -16"><span class='ocrx_word' id='word_1_217' title='bbox 234 3321 441 3385; x_wconf 88' lang='lat' dir='ltr'>ostendebat:</span> <span class='ocrx_word' id='word_1_218' title='bbox 454 3321 586 3385; x_wconf 91' lang='lat' dir='ltr'>honoris</span> <span class='ocrx_word' id='word_1_219' title='bbox 598 3321 771 3399; x_wconf 87' lang='lat' dir='ltr'>invidiam,</span> <span class='ocrx_word' id='word_1_220' title='bbox 784 3322 968 3398; x_wconf 89' lang='lat' dir='ltr'>saevitiam,</span> <span class='ocrx_word' id='word_1_221' title='bbox 981 3321 1212 3385; x_wconf 88' lang='lat' dir='ltr'>crudelitatem.</span> <span class='ocrx_word' id='word_1_222' title='bbox 1233 3322 1332 3385; x_wconf 86' lang='lat' dir='ltr'>Poeta</span> <span class='ocrx_word' id='word_1_223' title='bbox 1344 3321 1429 3385; x_wconf 90' lang='lat' dir='ltr'>hanc</span> 
     </span>
     <span class='ocr_line' id='line_1_29' title="bbox 233 3426 1429 3511; baseline 0.001 -22"><span class='ocrx_word' id='word_1_224' title='bbox 233 3428 359 3510; x_wconf 86' lang='lat' dir='ltr'>turpem</span> <span class='ocrx_word' id='word_1_225' title='bbox 373 3427 448 3492; x_wconf 90' lang='lat' dir='ltr'>deae</span> <span class='ocrx_word' id='word_1_226' title='bbox 460 3426 634 3511; x_wconf 83' lang='lat' dir='ltr'>imaginem</span> <span class='ocrx_word' id='word_1_227' title='bbox 647 3429 891 3511; x_wconf 83' lang='lat' dir='ltr'>contemplatus,</span> <span class='ocrx_word' id='word_1_228' title='bbox 901 3450 996 3511; x_wconf 88' lang='lat' dir='ltr'>quam</span> <span class='ocrx_word' id='word_1_229' title='bbox 1008 3428 1075 3511; x_wconf 90' lang='lat' dir='ltr'>ipse</span> <span class='ocrx_word' id='word_1_230' title='bbox 1088 3449 1105 3491; x_wconf 95' lang='lat' dir='ltr'>e</span> <span class='ocrx_word' id='word_1_231' title='bbox 1116 3427 1271 3511; x_wconf 87' lang='lat' dir='ltr'>religione</span> <span class='ocrx_word' id='word_1_232' title='bbox 1282 3426 1429 3511; x_wconf 87' lang='lat' dir='ltr'>populari</span> 
     </span>
     <span class='ocr_line' id='line_1_30' title="bbox 234 3532 1429 3617; baseline -0.003 -21"><span class='ocrx_word' id='word_1_233' title='bbox 234 3537 319 3597; x_wconf 89' lang='lat' dir='ltr'>recte</span> <span class='ocrx_word' id='word_1_234' title='bbox 342 3534 604 3611; x_wconf 81' lang='lat' dir='ltr'>adumbraverat,</span> <span class='ocrx_word' id='word_1_235' title='bbox 626 3534 692 3599; x_wconf 91' lang='lat' dir='ltr'>eius</span> <span class='ocrx_word' id='word_1_236' title='bbox 711 3534 902 3617; x_wconf 83' lang='lat' dir='ltr'>pravitatem</span> <span class='ocrx_word' id='word_1_237' title='bbox 922 3532 1126 3598; x_wconf 83' lang='lat' dir='ltr'>vehementer</span> <span class='ocrx_word' id='word_1_238' title='bbox 1144 3533 1306 3617; x_wconf 89' lang='lat' dir='ltr'>indignari</span> <span class='ocrx_word' id='word_1_239' title='bbox 1323 3532 1429 3617; x_wconf 89' lang='lat' dir='ltr'>eoepit</span> 
     </span>
     <span class='ocr_line' id='line_1_31' title="bbox 234 3638 1427 3723; baseline 0.002 -22"><span class='ocrx_word' id='word_1_240' title='bbox 234 3638 387 3722; x_wconf 89' lang='lat' dir='ltr'>quoniam</span> <span class='ocrx_word' id='word_1_241' title='bbox 403 3640 471 3723; x_wconf 83' lang='lat' dir='ltr'>jam</span> <span class='ocrx_word' id='word_1_242' title='bbox 491 3638 623 3703; x_wconf 86' lang='lat' dir='ltr'>obscure</span> <span class='ocrx_word' id='word_1_243' title='bbox 641 3640 669 3704; x_wconf 90' lang='lat' dir='ltr'>ei</span> <span class='ocrx_word' id='word_1_244' title='bbox 688 3640 916 3705; x_wconf 83' lang='lat' dir='ltr'>obversabatur</span> <span class='ocrx_word' id='word_1_245' title='bbox 935 3639 1044 3723; x_wconf 89' lang='lat' dir='ltr'>opinio</span> <span class='ocrx_word' id='word_1_246' title='bbox 1063 3640 1138 3703; x_wconf 89' lang='lat' dir='ltr'>deos</span> <span class='ocrx_word' id='word_1_247' title='bbox 1154 3642 1298 3722; x_wconf 89' lang='lat' dir='ltr'>oportere</span> <span class='ocrx_word' id='word_1_248' title='bbox 1310 3638 1427 3721; x_wconf 90' lang='lat' dir='ltr'>probos</span> 
     </span>
     <span class='ocr_line' id='line_1_32' title="bbox 234 3743 1428 3831; baseline 0 -23"><span class='ocrx_word' id='word_1_249' title='bbox 234 3766 318 3820; x_wconf 84' lang='lat' dir='ltr'>esse3</span> <span class='ocrx_word' id='word_1_250' title='bbox 350 3749 418 3808; x_wconf 91' lang='lat' dir='ltr'>tum</span> <span class='ocrx_word' id='word_1_251' title='bbox 450 3745 529 3809; x_wconf 89' lang='lat' dir='ltr'>haec</span> <span class='ocrx_word' id='word_1_252' title='bbox 559 3745 670 3831; x_wconf 91' lang='lat' dir='ltr'>opinio</span> <span class='ocrx_word' id='word_1_253' title='bbox 698 3746 754 3810; x_wconf 87' lang='lat' dir='ltr'>illa</span> <span class='ocrx_word' id='word_1_254' title='bbox 777 3746 1002 3828; x_wconf 80' lang='lat' dir='ltr'>indignatione</span> <span class='ocrx_word' id='word_1_255' title='bbox 1026 3748 1136 3808; x_wconf 84' lang='lat' dir='ltr'>mutuo</span> <span class='ocrx_word' id='word_1_256' title='bbox 1159 3743 1374 3809; x_wconf 85' lang='lat' dir='ltr'>invalescebat</span> <span class='ocrx_word' id='word_1_257' title='bbox 1396 3748 1428 3809; x_wconf 86' lang='lat' dir='ltr'>et</span> 
     </span>
     <span class='ocr_line' id='line_1_33' title="bbox 233 3850 1426 3936; baseline 0.003 -23"><span class='ocrx_word' id='word_1_258' title='bbox 233 3850 498 3929; x_wconf 81' lang='lat' dir='ltr'>confirmabatur3</span> <span class='ocrx_word' id='word_1_259' title='bbox 520 3854 585 3915; x_wconf 90' lang='lat' dir='ltr'>tam</span> <span class='ocrx_word' id='word_1_260' title='bbox 606 3857 697 3936; x_wconf 88' lang='lat' dir='ltr'>pravi</span> <span class='ocrx_word' id='word_1_261' title='bbox 717 3853 801 3917; x_wconf 90' lang='lat' dir='ltr'>enim</span> <span class='ocrx_word' id='word_1_262' title='bbox 822 3853 855 3916; x_wconf 93' lang='lat' dir='ltr'>di</span> <span class='ocrx_word' id='word_1_263' title='bbox 874 3852 950 3916; x_wconf 84' lang='lat' dir='ltr'>ferri</span> <span class='ocrx_word' id='word_1_264' title='bbox 965 3872 1058 3933; x_wconf 88' lang='lat' dir='ltr'>posse</span> <span class='ocrx_word' id='word_1_265' title='bbox 1070 3872 1135 3914; x_wconf 92' lang='lat' dir='ltr'>non</span> <span class='ocrx_word' id='word_1_266' title='bbox 1148 3850 1347 3920; x_wconf 85' lang='lat' dir='ltr'>videbantur.</span> <span class='ocrx_word' id='word_1_267' title='bbox 1370 3851 1426 3916; x_wconf 85' lang='lat' dir='ltr'>Se-</span> 
     </span>
     <span class='ocr_line' id='line_1_34' title="bbox 232 3954 1427 4042; baseline 0 -23"><span class='ocrx_word' id='word_1_268' title='bbox 232 3955 390 4039; x_wconf 90' lang='lat' dir='ltr'>quebatur</span> <span class='ocrx_word' id='word_1_269' title='bbox 419 3954 521 4041; x_wconf 90' lang='lat' dir='ltr'>igitur</span> <span class='ocrx_word' id='word_1_270' title='bbox 550 3962 587 4021; x_wconf 93' lang='lat' dir='ltr'>ut</span> <span class='ocrx_word' id='word_1_271' title='bbox 616 3958 651 4020; x_wconf 92' lang='lat' dir='ltr'>in</span> <span class='ocrx_word' id='word_1_272' title='bbox 682 3962 794 4042; x_wconf 87' lang='lat' dir='ltr'>poetae</span> <span class='ocrx_word' id='word_1_273' title='bbox 823 3979 917 4041; x_wconf 90' lang='lat' dir='ltr'>opere</span> <span class='ocrx_word' id='word_1_274' title='bbox 939 3978 1066 4032; x_wconf 90' lang='lat' dir='ltr'>omnes,</span> <span class='ocrx_word' id='word_1_275' title='bbox 1089 3955 1205 4039; x_wconf 91' lang='lat' dir='ltr'>quibus</span> <span class='ocrx_word' id='word_1_276' title='bbox 1228 3956 1374 4020; x_wconf 88' lang='lat' dir='ltr'>Phaedra</span> <span class='ocrx_word' id='word_1_277' title='bbox 1396 3961 1427 4021; x_wconf 90' lang='lat' dir='ltr'>et</span> 
     </span>
     <span class='ocr_line' id='line_1_35' title="bbox 232 4059 1427 4146; baseline 0.001 -22"><span class='ocrx_word' id='word_1_278' title='bbox 232 4059 429 4146; x_wconf 86' lang='lat' dir='ltr'>Hippolytus</span> <span class='ocrx_word' id='word_1_279' title='bbox 449 4061 539 4126; x_wconf 87' lang='lat' dir='ltr'>cordi</span> <span class='ocrx_word' id='word_1_280' title='bbox 558 4065 680 4145; x_wconf 87' lang='lat' dir='ltr'>essent,</span> <span class='ocrx_word' id='word_1_281' title='bbox 699 4062 855 4127; x_wconf 88' lang='lat' dir='ltr'>Venerem</span> <span class='ocrx_word' id='word_1_282' title='bbox 869 4063 1101 4127; x_wconf 85' lang='lat' dir='ltr'>detestarentur</span> <span class='ocrx_word' id='word_1_283' title='bbox 1113 4061 1271 4145; x_wconf 87' lang='lat' dir='ltr'>verbaque</span> <span class='ocrx_word' id='word_1_284' title='bbox 1282 4062 1427 4145; x_wconf 87' lang='lat' dir='ltr'>impiain</span> 
     </span>
     <span class='ocr_line' id='line_1_36' title="bbox 233 4165 1428 4251; baseline -0.002 -21"><span class='ocrx_word' id='word_1_285' title='bbox 233 4188 302 4231; x_wconf 92' lang='lat' dir='ltr'>eam</span> <span class='ocrx_word' id='word_1_286' title='bbox 326 4166 530 4251; x_wconf 89' lang='lat' dir='ltr'>conjicerent.</span> <span class='ocrx_word' id='word_1_287' title='bbox 564 4166 671 4231; x_wconf 81' lang='lat' dir='ltr'>Etiam</span> <span class='ocrx_word' id='word_1_288' title='bbox 696 4166 833 4231; x_wconf 90' lang='lat' dir='ltr'>Dianam</span> <span class='ocrx_word' id='word_1_289' title='bbox 857 4166 1028 4251; x_wconf 87' lang='lat' dir='ltr'>Hippolyti</span> <span class='ocrx_word' id='word_1_290' title='bbox 1052 4170 1221 4250; x_wconf 83' lang='lat' dir='ltr'>patronam</span> <span class='ocrx_word' id='word_1_291' title='bbox 1242 4189 1259 4231; x_wconf 93' lang='lat' dir='ltr'>e</span> <span class='ocrx_word' id='word_1_292' title='bbox 1279 4165 1428 4230; x_wconf 89' lang='lat' dir='ltr'>machina</span> 
     </span>
     <span class='ocr_line' id='line_1_37' title="bbox 232 4270 1429 4355; baseline -0.001 -20"><span class='ocrx_word' id='word_1_293' title='bbox 232 4271 397 4335; x_wconf 85' lang='lat' dir='ltr'>veritatem</span> <span class='ocrx_word' id='word_1_294' title='bbox 431 4270 626 4355; x_wconf 90' lang='lat' dir='ltr'>aperientem</span> <span class='ocrx_word' id='word_1_295' title='bbox 659 4294 784 4337; x_wconf 83' lang='lat' dir='ltr'>neeesse</span> <span class='ocrx_word' id='word_1_296' title='bbox 807 4277 876 4337; x_wconf 89' lang='lat' dir='ltr'>erat</span> <span class='ocrx_word' id='word_1_297' title='bbox 898 4272 1009 4337; x_wconf 86' lang='lat' dir='ltr'>acerbe</span> <span class='ocrx_word' id='word_1_298' title='bbox 1029 4272 1193 4355; x_wconf 90' lang='lat' dir='ltr'>increpare</span> <span class='ocrx_word' id='word_1_299' title='bbox 1215 4272 1331 4336; x_wconf 92' lang='lat' dir='ltr'>sororis</span> <span class='ocrx_word' id='word_1_300' title='bbox 1354 4292 1429 4336; x_wconf 91' lang='lat' dir='ltr'>suae</span> 
     </span>
     <span class='ocr_line' id='line_1_38' title="bbox 238 4374 1430 4464; baseline -0.001 -23"><span class='ocrx_word' id='word_1_301' title='bbox 238 4376 407 4441; x_wconf 85' lang='lat' dir='ltr'>feritatem.</span> <span class='ocrx_word' id='word_1_302' title='bbox 446 4374 606 4442; x_wconf 86' lang='lat' dir='ltr'>Enuntiat</span> <span class='ocrx_word' id='word_1_303' title='bbox 629 4400 705 4464; x_wconf 91' lang='lat' dir='ltr'>ergo</span> <span class='ocrx_word' id='word_1_304' title='bbox 722 4378 900 4443; x_wconf 86' lang='lat' dir='ltr'>Phaedram</span> <span class='ocrx_word' id='word_1_305' title='bbox 923 4378 1089 4443; x_wconf 87' lang='lat' dir='ltr'>incitatum</span> <span class='ocrx_word' id='word_1_306' title='bbox 1112 4377 1248 4442; x_wconf 89' lang='lat' dir='ltr'>stimulis</span> <span class='ocrx_word' id='word_1_307' title='bbox 1270 4378 1346 4441; x_wconf 89' lang='lat' dir='ltr'>deae</span> <span class='ocrx_word' id='word_1_308' title='bbox 1369 4376 1430 4441; x_wconf 92' lang='lat' dir='ltr'>sibi</span> 
     </span>
     <span class='ocr_line' id='line_1_39' title="bbox 232 4482 1430 4570; baseline -0.001 -23"><span class='ocrx_word' id='word_1_309' title='bbox 232 4483 456 4548; x_wconf 84' lang='lat' dir='ltr'>infestissimae</span> <span class='ocrx_word' id='word_1_310' title='bbox 491 4483 677 4568; x_wconf 90' lang='lat' dir='ltr'>privignum</span> <span class='ocrx_word' id='word_1_311' title='bbox 706 4506 827 4549; x_wconf 87' lang='lat' dir='ltr'>amasse</span> <span class='ocrx_word' id='word_1_312' title='bbox 846 4485 947 4569; x_wconf 83' lang='lat'>(1301</span> <span class='ocrx_word' id='word_1_313' title='bbox 973 4486 1067 4570; x_wconf 90' lang='lat' dir='ltr'>sqq.).</span> <span class='ocrx_word' id='word_1_314' title='bbox 1099 4482 1254 4548; x_wconf 85' lang='lat' dir='ltr'>Theseum</span> <span class='ocrx_word' id='word_1_315' title='bbox 1279 4482 1430 4549; x_wconf 88' lang='lat' dir='ltr'>severiter</span> 
     </span>
    </p>
   </div>
   <div class='ocr_carea' id='block_1_4' title="bbox 0 0 1630 5217">
    <p class='ocr_par' dir='ltr' id='par_1_6' title="bbox 0 0 1630 5217">
     <span class='ocr_line' id='line_1_40' title="bbox 0 0 1630 5217; baseline 0 2"><span class='ocrx_word' id='word_1_316' title='bbox 0 0 1630 5217; x_wconf 95' lang='lat' dir='ltr'> </span> 
     </span>
    </p>
   </div>
  </div>
 </body>
</html>
