3250 5217
797 390 839 456 36

219 575 287 660 ipse
324 579 365 639 ad
400 564 525 640 novum*
554 596 655 659 genus
689 576 892 659 antiquarum
924 574 1030 657 legum
1054 571 1190 635 vinculis
1213 569 1412 634 liberandum

220 681 425 747 exeolendum
444 682 672 767 perficiendum
694 702 760 745 non
780 680 921 765 suffecit,
941 702 1050 744 verum
1063 677 1171 743 nullus
1183 676 1376 741 Graecorum
1390 677 1414 759 ¹)

219 810 322 873 neque
352 788 569 855 Romanorum
599 789 723 853 exstitit
746 789 800 873 qui
823 788 871 852 illi
896 788 984 872 operi
1007 809 1065 872 par
1087 789 1187 861 esset3
1210 803 1303 849 nemo
1328 783 1414 846 enim

219 915 326 959 eorum
350 895 435 961 ultra
458 896 618 980 Euripidis
639 894 851 959 imitationem
875 914 1060 979 progressus
1080 895 1138 957 est.
1163 889 1268 955 Multa
1286 891 1413 953 demum

220 1003 294 1086 post
326 1002 452 1069 sseoula
482 1002 552 1067 aliis
581 1002 616 1066 in
644 1001 829 1087 regionibus
852 1003 939 1086 apud
962 1000 1041 1064 alios
1062 998 1207 1063 homines
1229 1019 1309 1081 opus
1333 996 1413 1060 illud

220 1106 380 1171 excultum
404 1112 452 1173 est
474 1130 628 1193 suumque
650 1108 763 1173 habuit
785 1107 904 1172 florem.

265 1212 393 1278 Etenim
413 1214 497 1279 hene
520 1236 635 1280 novam
658 1214 736 1279 artis
759 1214 915 1278 rationem
939 1212 1093 1297 respicere
1117 1210 1267 1276 debemus
1290 1209 1317 1273 si
1340 1231 1413 1273 eum

217 1324 302 1387 reete
331 1320 510 1405 intelligere
533 1323 566 1385 et
585 1342 622 1385 ex
647 1341 747 1404 aequo
767 1321 912 1405 judicare
937 1319 1098 1402 volumus;
1123 1316 1184 1381 hoo
1208 1319 1302 1380 modo
1327 1315 1412 1378 enim

215 1426 415 1492 laudabimus
438 1430 566 1512 poetam
590 1427 645 1511 qui
670 1428 809 1491 futurem
835 1426 913 1491 artis
936 1425 1154 1490 conditionem
1178 1421 1412 1508 quodammodo

217 1534 389 1612 divinavit,
425 1534 542 1620 partim
573 1534 641 1619 ipse
672 1534 893 1611 adumbravit,
921 1534 1031 1618 itaque
1063 1532 1196 1597 fortasse
1227 1528 1297 1593 aliis
1327 1528 1412 1593 viam

216 1642 356 1725 aperuit;
389 1663 475 1705 nuno
506 1663 579 1706 vero
610 1645 775 1725 tamquam
810 1644 979 1725 corruptor
1007 1643 1040 1704 et
1064 1638 1206 1723 perditor
1229 1635 1413 1720 tragoediae

215 1747 365 1831 antiquae
400 1748 509 1812 multis
543 1748 777 1833 vituperatione
813 1750 846 1811 et
880 1746 1097 1811 contemtione
1133 1747 1261 1808 tantum
1294 1741 1412 1826 dignus

216 1853 342 1918 videtur
355 1849 387 1932 ²).

260 1959 305 2023 Et
324 1960 395 2045 jure
419 1982 495 2027 sane
520 1982 584 2025 non
608 1982 708 2045 pause
730 1961 765 2025 in
789 1981 826 2025 eo
849 1960 1037 2046 reprehendi
1060 1957 1214 2034 vidimus,
1235 1955 1289 2019 sed
1309 1953 1412 2018 multa

216 2066 294 2131 artis
317 2088 414 2152 opera
437 2068 477 2131 ad
497 2067 583 2152 leges
601 2068 662 2132 rite
682 2058 857 2152 composita
875 2070 952 2133 sunt
971 2070 1004 2131 et
1022 2066 1111 2131 omni
1128 2064 1206 2130 vitio
1218 2063 1342 2137 nerent,
1356 2060 1410 2125 sed

216 2175 311 2239 etiam
335 2196 465 2259 prorsus
488 2178 597 2238 carent
619 2174 740 2259 impetu
763 2174 872 2238 divino
891 2174 948 2258 qui
966 2173 1089 2238 animos
1110 2171 1322 2243 commovest3
1335 2188 1411 2231 nam

330 2280 428 2345 »Non
452 2280 529 2344 satis
552 2283 601 2343 est
623 2280 756 2364 pulehra
780 2302 847 2344 esse
869 2281 1035 2364 poemata,
1060 2278 1166 2343 duloia
1189 2278 1307 2351 sunto,

328 2384 371 2449 Et
393 2406 593 2469 quocumque
619 2385 729 2449 volent
751 2385 894 2449 animum
917 2385 1072 2450 auditoris
1094 2380 1250 2468 agunto.”

261 2488 383 2555 Rursus
418 2490 481 2554 elia
516 2489 626 2554 multis
667 2490 799 2555 maoulis
831 2513 959 2576 aspersa
988 2494 1082 2567 sunt,
1114 2490 1167 2555 sed
1199 2488 1235 2551 in
1267 2484 1411 2548 omnium

215 2594 339 2661 animos
361 2618 394 2660 se
416 2596 585 2660 insinuant
608 2617 711 2679 neque
729 2596 764 2659 in
784 2596 978 2661 oblivionem
992 2598 1120 2661 abeunt.
1135 2592 1233 2659 Cuius
1244 2590 1290 2655 rei
1302 2592 1412 2653 noster

214 2702 411 2767 luculentum
434 2702 566 2787 praebet
589 2701 778 2786 exemplum.
809 2700 947 2767 Constat
970 2725 1041 2767 eum
1065 2699 1293 2787 quinquies
1316 2698 1411 2759 modo

215 2808 326 2872 vioisse
338 2809 381 2894 ³),
406 2829 498 2893 saepe
520 2806 733 2892 frigidissimis
746 2808 965 2893 posthabitum
978 2810 1081 2893 poetis
1094 2812 1131 2895 ⁴).
1153 2806 1186 2872 Si
1199 2804 1298 2884 κριταὶ
1311 2801 1410 2877 Athe

215 2913 339 2979 nienses
362 2935 485 2999 semper
509 2936 671 2998 exaequo
694 2917 728 2979 et
746 2916 835 2999 justo
855 2915 1082 3000 judicaverunt
1105 2918 1139 2979 et
1162 2916 1252 2981 nulla
1275 2941 1310 2982 re
1339 2904 1411 2973 001·

213 3096 390 3107 ----....-....

214 3214 278 3263 ward
298 3215 402 3264 dadureh
421 3230 467 3263 nur
483 3214 617 3279 gesdrdert,
636 3216 665 3263 da
681 3214 832 3278 gleichzeitig
853 3214 914 3263 auch
931 3215 969 3264 die
984 3216 1075 3265 Notion
1093 3215 1151 3266 fiber
1168 3218 1219 3267 sich
1236 3218 1409 3270 hiuanssohrr'tt

216 3298 265 3346 und
282 3296 414 3361 gleiohfalls
431 3296 664 3347 zusammenbraoh”.
1044 3305 1047 3312 '

249 3380 276 3443 1)
293 3380 347 3428 Una
364 3382 444 3428 tamen
462 3381 583 3444 tragoedia
600 3380 672 3429 fuisse
686 3380 775 3429 dicitur
789 3380 856 3429 ouius
869 3384 1037 3443 argumentum
1054 3380 1127 3430 libere
1144 3382 1267 3432 inventum
1287 3387 1360 3443 esset,
1378 3400 1408 3433 se.

213 3460 346 3524 Agathonis
363 3458 445 3519 ίίνὲος,
472 3462 535 3511 Vide
553 3462 653 3511 Aristot.
672 3462 737 3511 Poet.
757 3477 795 3527 pg.
815 3463 879 3511 1451
890 3462 915 3511 b:
936 3458 960 3509 ἒν
976 3464 1035 3519 ταῖς
1052 3460 1205 3525 τραγῳδίαις
1221 3460 1297 3524 ἐνίαις
1317 3466 1362 3526 μὲν
1383 3466 1411 3515 ἓν

214 3540 289 3599 We
314 3546 364 3591 πῶν
389 3542 515 3605 γνωρίμων
534 3538 605 3591 ἐστὶν
631 3540 758 3604 ὀνομάτων
785 3543 820 3591 ric
845 3540 872 3591 δὲ
898 3541 969 3591 ἄλλα
994 3542 1162 3604 πεποιημένα,
1188 3542 1218 3594 ἐν
1244 3543 1352 3606 ἐνίαις
1377 3546 1410 3596 δὲ

214 3623 277 3674 οὐδ’
302 3624 346 3682 ἕν,
373 3621 437 3674 οἷον
464 3621 495 3673 ἐν
521 3622 699 3688 Ἀγάθωνος
725 3624 819 3676 ἤνθει.
845 3625 934 3685 ὁμοίως
954 3626 1004 3688 γὰρ
1021 3622 1046 3675 ἓν
1065 3626 1149 3690 τούτῳ
1168 3628 1204 3677 τί
1221 3646 1251 3678 πε
1268 3629 1411 3693 πράγματα

213 3706 257 3755 καὶ
272 3708 307 3756 τὰ
325 3705 437 3769 ὀνόματα
454 3708 599 3766 πεποίηται,
617 3708 660 3757 καὶ
676 3706 746 3757 οὐδὲν
764 3702 841 3765 airu-ov
860 3705 989 3769 εὐφραίνει,
1005 3726 1065 3773 qnae
1083 3710 1242 3774 subjiciuntur
1266 3713 1338 3777 digna
1354 3716 1410 3763 sunt

213 3806 273 3854 quae
286 3793 410 3840 notentur:
431 3788 494 3838 ὥστ’
515 3788 542 3839 οἶν
561 3788 661 3848 πιίνπως
679 3785 739 3839 εἶναι
758 3787 882 3855 ζητητέον
891 3794 940 3838 τῶν
950 3789 1151 3853 παραδεδομένων
1161 3792 1240 3854 μα’ίων
1251 3831 1340 3844 ......
1350 3793 1410 3843 ἄνπ-

213 3868 338 3933 έχεσθαι·
357 3870 401 3921 καῖ
416 3872 465 3934 γὰρ
479 3874 578 3935 γελοῖον
595 3874 673 3921 τοῦτο
689 3870 783 3936 ζητεῖν,
801 3867 857 3920 ἐπεὶ
873 3870 916 3920 καὶ
932 3872 967 3920 πα
984 3871 1096 3936 γνώριμα
1113 3874 1209 3938 ὀλίγοις
1217 3874 1329 3939 γνώριμα
1339 3872 1411 3925 ἔστιν

213 3951 274 4001 ἀλλ’
291 3951 357 4014 ὅμως
373 3950 494 4017 εὐφραίνει
513 3952 618 4011 πάντας.

246 4038 325 4102 Quam
341 4037 428 4088 vellem
445 4038 475 4085 πὸ
493 4035 582 4094 Ἄνθις
599 4036 665 4087 nobis
683 4039 804 4086 servatum
822 4037 894 4086 esset!

246 4122 274 4185 2)
300 4121 436 4170 Mommsen
458 4136 496 4185 pg.
525 4119 573 4171 907
581 4138 587 4169 ε
609 4119 655 4168 -Er
672 4120 715 4167 hat
732 4119 770 4167 die
787 4118 870 4168 sntike
887 4119 1003 4184 'Prsgodie
1020 4135 1049 4168 ru
1066 4124 1200 4181 seniores,
1220 4121 1288 4171 nieht
1305 4122 1343 4171 die
1360 4138 1410 4172 mo·

213 4204 285 4253 derue
302 4220 331 4253 zu
348 4204 460 4267 sohdpfen
478 4202 608 4251 vermocht.
627 4202 740 4251 Ueherall
756 4200 820 4251 blieb
837 4217 865 4252 er
881 4202 924 4251 suf
940 4201 1035 4251 halbem
1053 4202 1126 4268 Wege
1142 4202 1236 4255 stebn”.

247 4289 271 4346 3)
288 4285 342 4343 Βίας
359 4292 393 4333 111
410 4285 473 4350 apud
492 4284 563 4334 Dind.
582 4283 651 4343 νίκας
668 4282 695 4333 δὲ
711 4282 778 4346 ’ἐι-χε
797 4283 826 4344 ε’,
847 4284 889 4333 lV.
908 4284 1018 4350 (Suidae)
1035 4284 1103 4343 νίκας
1117 4283 1144 4333 δὲ
1160 4286 1243 4335 είλετο
1258 4284 1348 4345 πέντε,
1362 4273 1411 4345 τὰς

213 4368 258 4429 μὲν
275 4366 402 4430 τέσσαρας
420 4368 520 4429 περιὼν,
539 4366 583 4424 τὴν
602 4365 629 4415 δὲ
647 4366 707 4428 μίαν
725 4367 792 4427 μετὰ
810 4364 855 4421 τὴν
871 4366 1001 4422 τελευτὴν.
1409 4371 1412 4376 “

245 4453 274 4515 4)
292 4451 370 4499 Varro
387 4466 424 4515 ap.
443 4450 505 4499 Gall.
526 4452 602 4515 (Nost
619 4453 670 4499 stt.
690 4450 772 4499 XVII.
790 4451 818 4509 4)
839 4463 906 4497 neum
923 4465 978 4497 eum
995 4465 1064 4514 saepe
1081 4450 1202 4500 vincerent
1219 4450 1310 4514 aliquot
1326 4455 1411 4517 poetae

211 4529 381 4597 rgnamss1m1‘’.
