3250 5217
848 400 893 467 88

274 580 421 665 sequelcs
443 579 597 647 felicitate
619 585 768 667 superent
790 584 885 648 etad
908 584 1049 649 divinam
1070 585 1255 651 beatitatem
1272 587 1360 672 justo
1380 604 1458 669 pro-

276 685 348 771 pius
376 686 521 754 accedere
547 688 723 757 rideantur.
748 691 793 753 Τὸ
819 690 893 755 θεῖον
916 692 1002 755 enim
1027 695 1076 757 est
1097 691 1253 774 Φδονερόν,
1277 694 1401 778 prester
1423 712 1459 755 11

275 792 380 877 ipsum
409 794 569 861 neminem
601 796 679 861 sinit
700 796 790 874 μέγα
810 804 934 877 φρονεῖν
957 820 1059 884 neque
1082 821 1206 885 semper
1227 822 1294 865 esse
1317 799 1457 873 selicem3

277 921 375 985 quere
404 902 546 987 optanda
577 904 625 967 est
651 902 718 968 vita
741 903 843 967 mixte
865 904 981 988 gaudio
1001 908 1034 970 et
1055 904 1180 982 dolore,
1204 909 1369 990 statusque
1393 924 1460 967 ms-

278 1006 444 1073 diocritate
475 1011 574 1073 tutus.
605 1007 690 1074 Nam
721 1008 810 1074 nullo
842 1010 936 1074 modo
969 1014 1084 1075 sortem
1118 1014 1260 1092 avertere
1293 1029 1463 1092 possumus

277 1135 376 1199 quum
400 1136 441 1179 ne
463 1115 508 1179 dii
530 1114 657 1201 quidem
680 1115 748 1181 feto
770 1116 914 1181 resistere
936 1119 1053 1202 queant
1074 1112 1112 1196 (1.
1137 1112 1180 1175 32
1203 1133 1284 1196 sqq,
1311 1115 1374 1191 91,
1397 1113 1461 1179 111.

278 1220 334 1299 40,
358 1221 411 1299 43,
436 1221 490 1299 65,
514 1220 588 1287 VH.
618 1223 682 1309 10).

322 1324 499 1393 Notissima
518 1326 595 1393 hsec
613 1327 770 1394 sententis
794 1329 832 1393 de
854 1324 971 1391 invidia
993 1321 1119 1399 divina,
1143 1343 1227 1407 quse
1249 1323 1337 1388 haud
1360 1325 1461 1390 dubie

278 1432 439 1517 populeris
455 1432 478 1520 1)
511 1433 591 1513 fuit,
625 1434 744 1520 injuria
772 1432 867 1516 vulgo
897 1429 1073 1511 vituperata
1101 1432 1169 1506 est,
1193 1428 1334 1513 primum
1357 1453 1458 1516 quum

278 1538 459 1607 Herodotus
482 1540 576 1605 unius
599 1543 726 1605 tantum
744 1536 877 1603 hominis
899 1532 1068 1617 perniciem
1088 1538 1199 1598 narret
1218 1556 1350 1620 prorsus
1368 1536 1460 1601 nulls

277 1648 372 1732 culpe
394 1651 631 1733 compensatam
644 1646 681 1733 ⁹),
709 1647 743 1711 in
766 1641 875 1707 ceteris
897 1660 971 1704 vero
995 1660 1117 1723 semper
1141 1640 1271 1725 aliquod
1295 1646 1462 1727 peccatum

278 1757 535 1839 argumentetur,
559 1757 628 1819 tum
650 1751 799 1839 quoniam
821 1746 980 1811 neminem
1003 1767 1060 1831 per
1082 1748 1184 1812 totnm
1208 1749 1310 1814 vitem
1331 1749 1461 1814 beatum

278 1883 344 1927 esse
367 1862 543 1928 communis
566 1861 629 1927 fere
652 1862 700 1925 est
721 1854 862 1921 omnium
884 1853 1050 1918 hominum
1073 1854 1181 1937 opinio
1196 1856 1232 1940 3).

323 1968 488 2034 Praeterea
510 1967 690 2033 Herodotus
712 1962 846 2027 affirmat
864 1959 1005 2025 humana
1022 1959 1147 2045 flagitis
1166 1983 1185 2025 1
1205 1962 1316 2027 divino
1327 1962 1459 2028 numine

278 2098 383 2141 severe
413 2076 529 2160 puniri.
560 2073 621 2141 Sed
651 2093 716 2136 non
746 2088 868 2151 semper
896 2066 979 2132 idem
1011 2067 1067 2151 qui
1090 2068 1219 2133 admisit
1241 2090 1361 2153 poenas
1385 2072 1458 2152 dat3

278 2166 371 2266 seepe
393 2204 412 2245 a
435 2181 512 2247 seris
534 2182 662 2244 demum*
680 2172 849 2259 nepotibus
868 2173 1022 2237 maiorum
1042 2173 1160 2238 scelera
1179 2174 1288 2239 divino
1301 2173 1459 2258 supplicio

183 2340 185 2343 .
278 2289 447 2373 expiantur
477 2286 516 2371 (Ι.
541 2286 608 2371 91).
639 2283 727 2348 Haec
748 2299 874 2365 quoque
895 2279 963 2344 sine
986 2279 1083 2344 dubio
1107 2280 1168 2345 fuit
1190 2280 1374 2365 superstitio
1398 2301 1459 2365 po·

278 2393 415 2478 pulcris,
447 2390 597 2476 quonism
628 2389 698 2453 eliis
729 2407 854 2473 quoque
884 2385 1010 2471 populis
1039 2385 1205 2451 familiaris
1236 2387 1314 2453 erat.
1337 2384 1367 2451 A
1391 2386 1461 2451 fato

277 2497 386 2571 omnic
408 2496 544 2582 pendere
562 2494 679 2580 passim
697 2491 935 2579 pronuntiarim
955 2492 1044 2557 cuius
1065 2494 1191 2558 decreta
1210 2493 1253 2558 dii
1265 2493 1463 2578 aliquamdiu

277 2603 401 2668 differre
423 2604 572 2687 possunt,
595 2600 686 2665 irrita
709 2599 811 2663 facere
834 2601 998 2683 nequeunt
1021 2598 1059 2687 (Ι.
1085 2600 1125 2664 91
1141 2601 1206 2687 1)).

321 2706 518 2793 Quamquam
542 2705 722 2771 Herodotus
744 2705 877 2770 leviores
901 2705 1023 2791 aliquas
1040 2704 1167 2771 fabulas
1187 2727 1252 2770 non
1270 2727 1343 2771 raro
1355 2706 1460 2772 causis

277 2813 477 2879 naturalibus
500 2812 655 2896 explicare
677 2811 803 2890 meluit,
822 2811 933 2876 ’11111111
956 2811 1034 2877 haec
1057 2813 1165 2877 omnia
1184 2813 1373 2877 documenta
1384 2816 1462 2878 sunt

276 2918 374 2984 enimi
402 2918 456 3003 pis
479 2918 608 2983 deorum
629 2919 806 2983 reverentia
829 2918 953 2983 imbuti.
989 2916 1073 2993 Quin
1097 2919 1193 2983 etism
1214 2918 1241 2983 si
1265 2940 1337 2983 eum
1359 2918 1462 3003 poetis

276 3024 382 3110 lyricis
404 3045 584 3108 compares,
604 3025 745 3091 rudiores
762 3047 864 3109 paene
883 3025 951 3090 eius
969 3025 1119 3090 videntur
1139 3026 1304 3111 opiniones
1325 3024 1364 3089 de
1381 3025 1459 3111 diis,

276 3152 390 3215 nempe
412 3131 592 3196 necessitati
614 3152 666 3197 cos
689 3132 760 3198 vult
783 3154 850 3197 esse
872 3132 1030 3217 subjectos
1052 3132 1296 3217 durissimosque
1319 3130 1461 3195 ostendit

275 3256 352 3320 erga
381 3235 535 3301 homines.
565 3236 685 3302 Verum
712 3240 825 3321 poetae
846 3238 895 3302 illi
918 3237 1006 3302 nulla
1030 3259 1064 3301 re
1087 3235 1242 3321 prohibiti
1265 3235 1461 3320 cogitatione

275 3342 337 3408 sibi
359 3365 497 3409 summos
520 3346 596 3409 deos
617 3344 738 3429 fingere
760 3348 928 3429 poterant3
951 3344 1100 3409 historico
1124 3363 1198 3408 vero
1218 3342 1463 3427 materin‚quae

310 3627 338 3691 l)
355 3627 392 3677 Gi.
409 3626 472 3677 111111
488 3643 526 3692 pg.
545 3627 586 3680 90.

311 3708 339 3772 2)
356 3708 493 3772 Polycrates
513 3708 614 3760 Samius.
637 3708 701 3758 Nem
724 3708 812 3759 Xerxes
835 3708 908 3774 periit
922 3709 986 3774 qnod
1002 3708 1066 3758 solus
1082 3706 1205 3757 universae
1221 3706 1292 3757 Asiee
1308 3706 1464 3773 Europaeque

277 3790 405 3856 imperium
426 3790 548 3856 petivisset
570 3791 670 3855 deosque
691 3790 790 3856 superbe
811 3790 916 3839 laesisset
933 3791 1010 3854 (VIII
1027 3790 1095 3854 100).
1114 3791 1228 3839 Croesum
1244 3789 1364 3838 interiisse
1380 3789 1465 3840 verisi-

277 3872 334 3923 mile
355 3874 391 3921 est
413 3873 476 3937 qnod
498 3888 522 3921 sc
544 3873 594 3938 ipse
615 3873 723 3923 omnium
745 3872 1463 3937 11111111111111111111111111110.34),1111·11

277 3954 413 4019 errogsntie
430 3954 525 4003 oracula
540 3970 588 4004 non
603 3955 758 4005 intellexisset
774 3956 807 4017 (1.
826 3955 883 4019 91);
898 3970 1041 4020 quemquem
1054 3954 1166 4005 11111111
1179 3954 1253 4018 Gygis
1267 3968 1360 4019 quoque
1375 3970 1463 4020 poenae

277 4036 348 4087 debet
364 4037 389 4085 in
405 4037 490 4102 quinto
505 4053 598 4101 genere.

192 4136 193 4140 ¹
312 4120 339 4184 3)
356 4117 518 4183 Omnibusque
540 4119 663 4169 nstnralis.
686 4120 746 4184 Quis
768 4122 877 4169 nostrum
899 4119 991 4169 nullsm
1012 4119 1085 4169 sentit
1101 4118 1259 4168 reverentiam
1275 4117 1302 4167 in
1318 4118 1461 4183 accipiendis

278 4202 369 4265 magnis
390 4201 457 4251 bonis
479 4205 504 4251 et
525 4202 688 4261 felicitatibns5
712 4202 766 4267 quis
788 4218 836 4251 non
858 4201 932 4251 libere
953 4202 984 4250 iis
999 4202 1047 4251 frui
1064 4201 1196 4266 gaudioque
1211 4200 1335 4266 indulgere
1351 4201 1461 4262 dubitet,

276 4284 367 4333 veritus
389 4300 419 4333 ne
440 4284 536 4334 tortum
557 4283 636 4334 subito
657 4300 769 4334 converse
788 4283 869 4333 omnis
885 4284 983 4349 dissipet
999 4284 1065 4333 velut
1081 4284 1228 4334 somniorum
1243 4283 1377 4349 imegines'r’
1395 4283 1462 4349 Quid

276 4367 322 4416 hoe
338 4371 374 4417 cst
391 4366 437 4417 nisi
453 4366 565 4418 obscurus
581 4370 658 4417 metus
675 4367 778 4417 invidiae
795 4366 909 4417 divineel’
1068 4392 1070 4396 .

309 4450 338 4514 d)
356 4449 392 4499 Ibi
409 4449 496 4515 Apollo
511 4452 614 4503 testatur
630 4465 655 4501 se
667 4449 707 4501 rix
721 4450 818 4500 tandem
830 4466 844 4499 1
857 4450 906 4499 feto
921 4449 1059 4515 impetrasse
1076 4454 1103 4500 ut
1121 4450 1204 4500 Croesi
1219 4449 1367 4499 calamitates
1384 4449 1462 4500 trien·

277 4532 345 4583 niam
362 4532 521 4583 differrentur.
