3250 5217
758 396 800 459 13

228 577 275 643 De
307 578 553 642 Heraclidis
584 578 723 642 maxima
754 580 803 642 est
833 578 918 642 inter
949 578 1033 643 viros
1065 582 1176 643 doctos
1210 580 1373 643 dissensio.

182 683 282 760 Quam
314 684 455 748 fabulam
488 706 585 768 quum
618 684 836 748 Hermannus·
860 684 895 747 in
931 685 1223 768 antiquissimarum
1258 686 1377 749 habeat

183 795 326 865 numero,
338 791 429 874 eique
441 813 585 855 assensus
598 790 708 854 Fixius
720 791 762 854 ob
774 781 895 855 indicia
907 790 1058 855 historica
1070 789 1120 857 01.
1134 792 1212 868 83,4
1226 791 1373 868 ascribat,
1392 803 1441 850 444

182 896 349 981 Pfluglrius
371 896 465 980 ponit
487 896 572 961 inter
595 897 644 963 Ol.
671 897 747 973 87‚2
773 898 806 960 et
830 897 927 973 88,3,
951 895 1093 980 Elmsley
1116 895 1373 960 etDindorfdis·
1390 916 1440 963 444
1467 918 1491 963 et
1506 916 1556 964 426

182 1001 281 1066 tincta
304 1001 354 1068 Ol.
380 1004 457 1087 88,3
481 1002 663 1079 ascribunt,
677 1002 796 1066 Badius
820 1023 894 1065 vero
914 1001 1111 1066 Boeckhium
1132 1005 1257 1065 secutus
1276 1002 1310 1065 in
1324 1001 1373 1065 01.
1391 1011 1441 1059 444

183 1109 260 1185 9044
292 1112 430 1175 4444444.
462 1108 610 1173 Instituti
637 1108 700 1172 mei
724 1129 845 1187 memor
867 1130 935 1171 rem
959 1107 994 1171 in
1019 1107 1122 1171 medio
1146 1107 1335 1190 relinquam.
1351 1104 1376 1193 1)
1393 1108 1441 1160 417

182 1328 268 1377 sinant.
294 1330 360 1377 Haec
383 1346 430 1378 nen
453 1333 552 1393 possunt
573 1330 632 1394 quin
649 1330 772 1393 designent
791 1329 1038 1395 rerumpublicarum
1056 1333 1153 1379 statum.
1172 1330 1211 1379 Ol.
1230 1331 1288 1389 89,4
1306 1330 1379 1379 Athe·
1395 1323 1445 1371 420

182 1410 274 1460 aienses
291 1411 406 1461 eiusmodi
424 1412 561 1461 societatem
577 1428 632 1461 cum
648 1412 744 1476 Argivis
763 1411 946 1476 conjunxerunt.

113 1532 114 1535 ,
215 1492 281 1541 Mihi
302 1496 383 1542 tamen
406 1510 443 1543 444
468 1495 573 1543 nondum
591 1494 700 1543 omnibus
718 1492 897 1543 difficultatibus
915 1494 1024 1559 expedita
1043 1494 1144 1543 ridetur.
1163 1494 1192 1543 V.
1214 1494 1379 1545 rrae-1207

182 1575 276 1623 Athena
287 1574 356 1639 jubet
372 1576 482 1626 victimas
498 1577 619 1626 immolari
636 1577 662 1625 in
679 1576 773 1642 tripode
791 1581 878 1634 44444,
896 1592 967 1639 quem
985 1576 1103 1624 Hercules
1119 1592 1132 1623 4
1150 1576 1228 1624 deleta
1244 1576 1316 1625 Troia
1325 1593 1380 1642 rap·

180 1655 235 1707 lum
261 1659 351 1708 ’.1444444
376 1660 525 1717 tradidisset,
551 1676 652 1724 eumque
677 1658 793 1723 inscripto
817 1658 974 1721 jurejurando
999 1659 1025 1707 in
1051 1658 1131 1718 alveo,
1161 1658 1259 1723 Delphis
1284 1660 1380 1718 voveri,

183 1742 288 1790 cultrum
306 1745 385 1791 antem
399 1741 469 1805 juxta
485 1758 612 1808 corporum
630 1742 699 1791 busta
716 1742 741 1791 in
759 1746 849 1790 terram
867 1741 987 1790 abscondi.

217 1825 298 1889 Quare
324 1824 433 1873 sacrificii
457 1824 627 1874 caerimoniam
651 1829 702 1873 tam
726 1824 855 1888 diligenter
877 1829 902 1872 et
924 1827 974 1872 tam
998 1824 1134 1889 scrupulose
1151 1825 1276 1890 descripsit
1292 1829 1380 1891 pocta?

185 1908 271 1955 114444
295 1906 359 1955 dicas
383 1907 439 1971 qnia
461 1923 544 1955 revera
565 1907 645 1956 omnia
662 1907 698 1955 ita
715 1907 777 1955 facta
795 1910 892 1955 essent?
911 1908 966 1954 Non
984 1906 1048 1955 enim
1066 1910 1101 1954 est
1117 1907 1248 1956 verisimile
1264 1908 1284 1955 si
1301 1907 1381 1956 fabula

185 1991 239 2037 ante
268 1988 349 2037 foedus
375 1992 471 2053 pactum
494 2004 576 2037 444444
598 1988 723 2037 commissa
746 1992 806 2037 esset
829 1989 902 2052 idque
927 2004 941 2035 a
966 1990 1036 2053 poeta
1061 1989 1380 2047 commendaretur,

186 2086 240 2119 curn
257 2074 316 2119 tunc
332 2070 377 2119 tali
396 2070 519 2133 diligentia
537 2087 635 2120 usurum
652 2071 730 2120 fuisse.
750 2072 781 2119 At
799 2071 824 2119 in
842 2071 911 2119 istius
928 2070 1045 2135 pactionis
1062 2070 1209 2135 expositione
1226 2072 1288 2136 apud
1306 2071 1379 2122 Thac.

186 2153 227 2217 (V.
237 2153 283 2216 47)
297 2170 345 2202 444
354 2154 424 2203 modo
432 2153 522 2202 nullius
531 2154 633 2219 tripodis
642 2156 669 2201 fit
678 2154 782 2213 mentio,
792 2154 833 2201 sed
842 2169 889 2201 non
898 2152 978 2201 minus
986 2152 1073 2201 diserte
1082 2152 1253 2216 praescribitur
1257 2152 1380 2215 jusjuran-

187 2237 243 2285 dum
261 2235 443 2301 insculpendum
459 2237 485 2284 in
502 2235 634 2293 columnis,
652 2235 752 2299 singulis
769 2236 794 2283 in
812 2234 910 2283 urbibus
923 2238 948 2283 44
962 2234 1088 2299 Olympiae
1105 2234 1195 2299 positis,
1215 2235 1278 2295 §llz
1296 2233 1381 2293 4144δέ

186 2314 303 2381 §audriaca
311 2354 371 2365 .....
390 2316 534 2380 ἀναγράψαι
553 2314 577 2366 ἔν
594 2315 710 2379 ardep
735 2316 812 2365 aad!
818 2335 854 2379 44
873 2316 1014 2374 Ἀθηναίους
1032 2316 1077 2377 μὲν
1095 2312 1120 2364 ἓν
1137 2318 1209 2365 44444
1227 2335 1249 2365 κ.
1259 2335 1283 2365 r.
1294 2328 1381 2366 4

186 2396 342 2447 καταθέντων
360 2396 387 2446 δὲ
404 2398 447 2447 καὶ
465 2399 669 2460 Ὀλυμπίασι
693 2396 817 2456 444444
844 2401 974 2461 χαλκῆν
1000 2401 1065 2461 serap
1084 2398 1234 2459 ’04νμπίοις
1251 2401 1305 2457 τοῖς
1323 2400 1381 2447 νυνί.

220 2481 328 2545 Uterque
353 2482 446 2530 diversa
468 2486 558 2530 narrat.
582 2484 620 2531 An
645 2481 771 2546 Euripides
793 2480 869 2545 igitur
892 2482 956 2530 aliud
977 2482 1097 2545 quoddam
1114 2481 1196 2529 foedus
1213 2498 1267 2530 curn
1286 2482 1382 2545 Argivis

187 2563 319 2627 significare
337 2565 455 2629 putandus
472 2568 525 2613 est?
543 2565 642 2612 Praeter
660 2564 723 2611 istud
742 2579 816 2613 unum
833 2564 1382 2627 1444444444νί,(444444441444444444444-

187 2644 265 2694 hcavit
283 2646 373 2694 1144444
399 2646 553 2711 ‘loa—766),
570 2650 666 2711 pactum
684 2662 739 2694 4444
756 2646 837 2711 paucis
854 2646 922 2694 annis
939 2650 994 2693 ante
1009 2661 1079 2709 qnam
1097 2645 1188 2694 fabulas
1204 2647 1287 2694 docere
1305 2646 1383 2710 coepit

187 2726 228 2791 (ad
246 2726 286 2787 Ol.
306 2728 375 2790 80,3)
393 2731 425 2788 (v.
445 2730 468 2775 Τ
469 2728 521 2777 huc.
542 2729 562 2787 l,
581 2730 636 2777 102.
656 2728 785 2777 Ρ44444444
804 2728 825 2787 l,
843 2728 902 2787 29,ss
920 2731 944 2775 44
961 2729 984 2786 9,
1004 2728 1047 2775 lv.
1066 2726 1144 2789 247).
1396 2733 1445 2785 457

222 2809 275 2857 Viri
292 2810 356 2858 docti
372 2815 495 2875 praeterea
509 2813 707 2873 argumentantur
722 2810 803 2859 odium
818 2809 985 2858 Thebanorum
999 2810 1025 2857 iu
1034 2808 1114 2858 fabula
1123 2824 1271 2873 expressum.
1290 2810 1382 2874 Nempe

188 2891 226 2940 Ol.
244 2891 302 2951 89,4
320 2891 476 2941 Athenienses
493 2891 609 2941 Thebanis
626 2892 724 2941 infestos
742 2892 827 2949 444444,
843 2892 910 2941 44444
927 2892 962 2940 444
977 2907 1046 2940 cansa
1061 2892 1093 2939 sit
1109 2892 1236 2955 repetenda
1251 2892 1381 2940 aPanacto
1398 2897 1447 2947 420

121 2996 125 3003 =
187 2988 235 3022 non
259 2974 371 3023 restitute
395 2974 481 3037 (Thac.
504 2975 530 3027 V¹
549 2974 589 3022 341.
607 2976 647 3021 40.
665 2975 706 3023 42.
725 2975 769 3037 44)
787 2976 811 3022 44
829 2974 945 3023 memoria
961 2973 1035 3022 cladis
1052 2973 1162 3021 Deliacae
1180 2989 1233 3021 cnm
1251 2973 1337 3021 Boeoti
1353 2973 1383 3021 iis

187 3059 338 3105 mortuorum
360 3056 508 3121 sepulturam
531 3056 719 3119 denegavissent.
741 3057 774 3104 At
794 3056 860 3104 istud
878 3056 960 3104 odium
977 3056 1012 3104 nil
1030 3054 1136 3104 acerbius
1153 3056 1194 3104 sed
1210 3055 1294 3104 mitius
1310 3071 1384 3119 paene

166 3200 167 3203 Ἴ
187 3153 324 3203 expressum
346 3145 380 3186 est
403 3153 475 3201 qnam
497 3153 542 3202 pro
558 3138 610 3203 ipso
627 3136 720 3186 fabulae
738 3141 886 3199 argumento.
914 3137 1014 3187 Accedit
1029 3138 1091 3201 qnod
1110 3136 1215 3186 Thebani
1229 3136 1279 3199 jam
1297 3138 1384 3186 indes
1421 3194 1424 3197 ⁴

187 3218 244 3268 belli
261 3219 351 3268 Persici
368 3218 515 3285 temporibus
532 3220 608 3269 odiosi
624 3219 691 3268 luere
710 3219 900 3269 Atheniensibus.

226 3302 313 3351 lteinde
337 3317 371 3351 44.
392 3301 438 3353 187
456 3300 556 3363 Σπάρτη
575 3301 620 3363 μὲν
639 3299 692 3362 ὠμὴ
710 3300 751 3349 uel
770 3302 933 3350 accelerares
950 3303 1056 3363 τρόπους
1074 3302 1144 3366 vulgo
1164 3303 1268 3351 44444444
1284 3304 1313 3351 ad
1330 3318 1384 3352 con·

187 3384 316 3433 troversias
329 3381 525 3433 'Atheniensium
542 3390 567 3433 et
583 3384 759 3449 Spartiatarum
777 3386 804 3433 de
822 3389 891 3449 pacto
909 3384 1005 3433 violato.
1025 3387 1058 3434 At
1075 3384 1179 3434 vidimus
1199 3386 1309 3450 Spartam
1323 3386 1384 3448 jam·

188 3466 278 3515 dudum
294 3466 403 3515 fallacem
419 3482 468 3515 esse
485 3470 593 3515 vocatam
610 3466 651 3531 (cf.
669 3482 708 3531 pg.
727 3466 833 3531 priorem
851 3469 934 3516 annot.
953 3467 988 3531 1).

223 3549 290 3613 Quae
313 3548 394 3598 emnia
417 3549 508 3597 faciunt
526 3552 553 3598 ut
573 3549 593 3596 si
611 3548 671 3598 mihi
688 3549 717 3597 de
734 3549 874 3613 Supplicnm
891 3551 970 3597 aetate
987 3548 1126 3611 suffragium
1144 3549 1177 3599 ait
1193 3550 1319 3599 terendum
1335 3550 1385 3599 sine

188 3630 336 3680 dubitatione
354 3631 429 3680 feram
449 3632 519 3679 *Non
537 3629 639 3695 liqnet.’'

223 3714 250 3778 1)
268 3714 323 3761 Nou
348 3712 434 3761 inutile
456 3716 492 3762 est
510 3728 592 3761 eorum
610 3715 751 3776 argumenta
768 3714 884 3776 quaedam
901 3713 1018 3762 intentius
1034 3713 1132 3763 intueri.
1151 3714 1233 3763 Fixins
1250 3715 1385 3773 contendit,

189 3796 297 3859 quamvis
314 3794 407 3861 copiam
423 3795 526 3860 amplam
545 3798 713 3859 argumentum
730 3795 856 3859 praebeat,
873 3799 954 3845 tamen
971 3795 1033 3843 nihil
1050 3795 1132 3845 acerbe
1150 3796 1176 3844 in
1190 3798 1387 3847 Lacedaemonios

189 3893 238 3927 esse
260 3878 357 3927 dictum.
383 3877 509 3941 Pfluglrius
532 3893 588 3926 vero
611 3878 636 3927 in
661 3881 753 3943 partem
771 3895 869 3943 prorsus
886 3878 1031 3927 contrariam
1050 3879 1173 3943 disputans
1189 3882 1292 3928 affirmat
1309 3880 1386 3930 multo

189 3960 268 4025 aptius
291 3961 321 4008 ad
344 3960 585 4009 Lacedaemoniorum
608 3960 748 4008 inimicitias
770 3961 854 4009 drama
876 3960 961 4009 referri
978 3975 1049 4023 quam
1068 3961 1096 4007 ad
1117 3960 1260 4023 Argivorum
1277 3962 1386 4010 defectio·
1463 3953 1477 3970 '

189 4045 255 4091 uem!
285 4041 401 4107 Quamvis
425 4042 554 4091 concedens
579 4041 641 4090 nihil
667 4042 697 4091 iis
724 4045 806 4107 aperte
834 4042 987 4106 exprobrari,
1005 4045 1075 4106 putat
1090 4046 1169 4090 tumen
1187 4046 1293 4107 poetam,
1312 4059 1386 4107 quum

190 4122 348 4173 Athenienses
365 4123 463 4172 inducat
479 4124 568 4188 captivi
585 4124 713 4186 Eurysthei
730 4124 793 4173 vitae
810 4127 946 4189 parcentes,
961 4124 1033 4172 tacite
1048 4124 1185 4189 vituperare
1200 4140 1281 4173 necem
1290 4126 1386 4175 Platae-

190 4205 324 4255 ensium·in
341 4205 486 4254 deditionem
504 4209 663 4270 acceptorum.
680 4206 818 4271 Quaesitius
835 4206 880 4254 hoc
897 4205 975 4270 primo
992 4209 1088 4269 aspectu
1104 4205 1159 4253 licet
1173 4205 1295 4264 videatur,
1306 4211 1385 4256 tamen

191 4287 269 4336 nescio
294 4303 323 4337 44
349 4287 440 4351 aliquid
457 4287 544 4335 dixerit
563 4287 699 4351 Plinglrius;
717 4287 884 4351 gravissimum
902 4291 981 4336 antem
999 4303 1054 4336 eum
1070 4287 1133 4350 fugit
1150 4286 1288 4338 subsidium.
1307 4290 1385 4353 Rogat
1469 4348 1472 4351 ⁴

192 4369 302 4419 Alcmene
319 4385 392 4433 qnare
409 4369 490 4418 Iolaus
507 4372 603 4434 captum
619 4370 751 4418 servaverit
768 4370 874 4419 hostem:
893 4385 925 4418 vs.
945 4370 993 4417 881

575 4450 633 4511 παρ’
650 4448 708 4511 ἡμῖν
727 4451 771 4511 μὲν
788 4451 838 4514 γὰρ
856 4448 883 4499 οὗ
905 4452 980 4512 σοφὸν
998 4448 1056 4498 τάδε

509 4529 612 4595 ἐχθροὺς
631 4535 744 4593 4αβόντα
762 4532 955 4594 pterea-aecer
974 4531 1055 4589 diana,
