3250 5217
760 407 824 471 207

242 588 290 654 De
312 592 414 653 morte
437 609 563 673 quoque
587 588 668 652 nihil
689 588 766 653 certi
785 587 914 665 statuit3
937 590 1030 652 modo
1051 588 1175 672 vulgari
1195 587 1387 654 Graecorum

196 697 320 762 ratione
357 700 397 761 de
432 718 469 760 ea
503 697 628 761 locutus
664 701 730 773 est,
763 716 956 779 quamquam
985 694 1047 759 hoc
1080 694 1213 760 fortasse
1244 697 1387 781 personis

196 804 327 869 scenicis
350 807 476 867 tanturn
501 801 769 879 accommodavit,
796 840 836 849 —
862 803 957 864 modo
980 802 1021 865 ad
1043 802 1129 885 leges
1151 802 1299 887 physicas
1316 826 1387 869 eam

196 910 373 987 revocavit,
400 910 495 973 modo
519 908 700 973 enuntiavit
720 929 816 992 quam
840 927 899 970 nos
922 911 1056 972 mortem
1080 909 1292 994 appellemus,
1316 932 1386 978 eam

194 1015 327 1081 fortasse
350 1037 457 1081 veram
479 1036 546 1079 esse
568 1015 678 1079 vitam.
1015 1103 1017 1105 V

241 1122 308 1187 Nec
333 1122 435 1206 magis
459 1121 609 1185 virtutem
634 1121 851 1205 optimamque
874 1120 1002 1184 vivendi
1024 1120 1107 1184 viam
1132 1121 1286 1187 delinivit.
1306 1122 1387 1187 Par-

197 1229 256 1291 tim
290 1228 493 1293 consentiens
527 1248 598 1291 cnm
636 1227 821 1311 aequalibus
851 1226 1045 1307 σωφροσύνην
1075 1228 1212 1292 maxime
1243 1228 1386 1293 omnium

198 1334 451 1419 commendavit3
484 1334 601 1418 partim
632 1355 705 1398 vero
737 1337 872 1397 naturae
896 1337 929 1396 et
951 1332 1102 1417 cuiusque
1125 1333 1264 1398 hominis
1286 1334 1387 1399 indoli

198 1442 298 1505 multo
322 1441 474 1504 maiorem
499 1439 563 1503 vim
587 1438 700 1502 tribuit
723 1461 818 1523 quam
842 1438 965 1522 legibus
989 1442 1022 1503 et
1039 1439 1215 1517 institutis,
1237 1443 1269 1503 et
1288 1462 1386 1524 quum

196 1549 243 1612 ita
275 1548 389 1612 clarius
423 1568 518 1631 quam
550 1545 660 1609 utilius
691 1545 886 1629 intelligeret
917 1546 1082 1629 magisque
1110 1568 1204 1629 qnam
1231 1547 1315 1611 cives
1338 1547 1388 1610 sui

198 1657 360 1718 excusaret
390 1652 473 1736 siqui
498 1652 531 1715 in
558 1651 738 1735 voluptates
758 1655 903 1728 ruerent,
931 1654 1043 1715 contra
1066 1652 1249 1736 frequenter
1269 1653 1386 1721 fabulis

196 1760 369 1824 illustravit
400 1759 620 1823 castimoniam
653 1763 686 1822 εὴ
716 1758 948 1822 humanitatem
981 1758 1083 1822 multo
1114 1760 1264 1824 maiorem
1291 1782 1386 1845 qnam

197 1867 464 1932 commendabant
487 1869 655 1950 praecepta
678 1865 832 1949 vulgaria.

242 1973 346 2049 Quum
382 1973 427 2037 sie
456 1973 489 2036 in
521 1973 615 2036 rebus
639 1971 857 2055 gravioribus,
880 1971 1024 2054 quamvis
1047 1971 1153 2035 nullas
1176 1972 1263 2058 leges
1285 1977 1388 2038 certas

197 2080 424 2156 constitueret,
452 2082 561 2143 tamen
585 2078 791 2162 exstirpando
815 2077 963 2162 antiquas
987 2078 1152 2162 opiniones
1172 2080 1213 2143 ad
1233 2101 1387 2146 novarum

197 2186 318 2249 semina
353 2185 533 2269 recipienda
556 2186 678 2249 animos
702 2187 925 2269 praepararet,
949 2188 1019 2248 tnm
1043 2184 1077 2248 in
1101 2185 1195 2249 rebus
1218 2186 1388 2252 levioribus

198 2292 265 2377 ipse
289 2291 365 2355 haec
387 2293 508 2355 semina
529 2291 614 2376 jecit.
641 2292 754 2355 Acrius
775 2294 807 2355 et
827 2290 1025 2375 frequentius
1041 2313 1135 2375 quam
1149 2292 1263 2377 reliqui
1276 2298 1388 2377 poetae

198 2400 282 2464 vitae
306 2400 478 2463 vanitatem
503 2402 536 2463 et
558 2398 716 2463 miseriam
736 2397 898 2481 exposuit3
918 2398 1047 2481 ingenia
1067 2402 1099 2462 et
1118 2398 1241 2463 animos
1261 2402 1384 2463 tantum

198 2506 330 2571 colenda
362 2528 428 2570 esse
453 2505 580 2581 docuit,
604 2505 745 2587 corporis
769 2524 844 2568 vero
869 2504 990 2567 cultum
1016 2504 1106 2588 parvi
1130 2526 1196 2568 esse
1219 2505 1330 2588 pretii;
1357 2508 1390 2570 et

199 2613 343 2697 exemplo
362 2633 419 2677 sno
439 2616 471 2676 et
490 2611 594 2676 verbis
615 2611 714 2675 vitam
733 2611 867 2675 otiosam
882 2610 1040 2694 probavit.
1054 2608 1190 2675 Divitias
1202 2611 1388 2696 generisque

199 2718 398 2783 nobilitatem
431 2718 524 2782 nihili
555 2718 715 2783 faciendas
742 2740 807 2783 esse
831 2717 957 2793 docuit;
981 2738 1087 2781 servos
1110 2739 1236 2801 quoque
1259 2719 1389 2783 nonnisi

197 2825 325 2889 nomine
358 2825 398 2888 ab
420 2824 570 2908 ingenuis
593 2824 735 2901 differre3
758 2824 793 2888 in
818 2823 935 2887 virtute
959 2824 1058 2886 solam
1084 2844 1151 2887 esse
1174 2824 1386 2888 nobilitatem.

196 2931 353 2997 Naturam
379 2932 564 2995 muliebrem
593 2931 729 3015 denique
753 2930 854 2993 multo
879 2929 991 2993 melius
1014 2950 1108 3013 qnam
1133 2930 1217 2994 cives
1242 2930 1290 2993 sui
1315 2952 1387 3013 per-

197 3040 319 3121 spexit3
353 3042 448 3122 atque
478 3037 511 3100 id
542 3038 645 3122 ipsum
677 3036 760 3121 quod
793 3035 909 3099 clarius
939 3034 1069 3097 videbat
1097 3034 1232 3099 feminas
1255 3035 1387 3100 omnino

198 3145 329 3207 maximi
360 3166 425 3209 esse
456 3144 568 3228 pretii,
601 3164 859 3226 summorumque
890 3140 1045 3205 virtutum
1069 3141 1190 3205 semina
1213 3141 1252 3204 iis
1275 3140 1389 3205 innata

199 3271 282 3331 esse,
307 3250 410 3314 effecit
432 3255 469 3314 ut
493 3251 588 3315 stiam
613 3250 714 3314 mnlto
733 3248 836 3333 magis
855 3269 951 3332 quam
970 3246 1086 3331 reliqui
1104 3247 1274 3332 scriptores
1293 3247 1387 3312 femi-

199 3377 275 3432 nas,
297 3355 404 3439 quales
426 3378 535 3421 revera
558 3361 678 3438 essent,
705 3356 877 3439 castigaret
899 3358 933 3418 εὴ
955 3354 1159 3438 vituperaret.

244 3568 277 3635 Si
297 3573 481 3653 reputamus
501 3570 586 3635 hisce
607 3572 753 3634 accedere
773 3570 858 3653 qnod
879 3567 973 3631 etiam
994 3567 1073 3630 artis
1085 3566 1225 3649 tragicae
1237 3571 1386 3632 naturam

199 3680 294 3761 amne
325 3676 463 3742 indolem
496 3677 652 3755 mutavit,
684 3676 827 3762 quamvis
859 3695 925 3739 non
954 3675 1031 3739 satis
1053 3674 1183 3759 ingenio
1211 3674 1331 3739 valeret
1351 3679 1388 3739 ut

199 3783 329 3867 abjectis
356 3783 467 3850 formis
495 3784 637 3868 antiquis
660 3788 692 3848 et
714 3782 857 3847 molestis
879 3802 979 3859 novas
1002 3803 1116 3866 easque
1140 3782 1278 3865 aptiores
1302 3803 1387 3846 crea·

197 3893 263 3966 ret,
289 3926 329 3937 -
353 3890 570 3975 intelligemus
594 3912 666 3955 eum
690 3889 807 3975 passim
833 3909 932 3953 novas
955 3888 1022 3951 vias
1042 3887 1201 3972 aperuisse
1221 3887 1386 3973 etadopi-

198 3995 310 4060 niones
328 3997 519 4061 recentiores
541 3996 672 4082 propius
697 3996 873 4061 accessisse.

244 4100 355 4185 Itaque
385 4102 507 4166 factum
538 4105 646 4167 estut
669 4125 792 4167 summa
816 4101 1006 4166 auctoritate
1028 4104 1061 4165 et
1084 4102 1189 4186 gratia
1208 4104 1294 4187 apud
1312 4123 1386 4186 pos-

197 4207 282 4269 teros
312 4206 456 4271 floruerit
485 4209 582 4293 inque
613 4215 721 4273 eorum
755 4207 897 4271 moribus
928 4205 1104 4271 formandis
1127 4207 1297 4271 maximam
1320 4207 1386 4271 vim

197 4309 354 4376 habuerit.
379 4312 494 4377 Poetae
515 4314 694 4378 comoediae
715 4335 816 4378 novae
833 4312 981 4377 laudibus
992 4335 1065 4377 eum
1077 4316 1117 4378 ad
1130 4314 1252 4378 coelum
1264 4312 1386 4377 extule-

197 4421 290 4494 runt3
319 4417 500 4482 Alexander
518 4419 654 4503 Magnus
674 4441 745 4483 eum
759 4419 867 4483 sedulo
879 4419 1054 4495 lectitavit;
1068 4419 1257 4485 Aristoteles
1268 4438 1386 4502 magna

198 4548 237 4591 ex
256 4530 349 4611 parte
368 4547 406 4590 ex
426 4548 462 4591 eo
484 4528 620 4611 sumpsit
632 4528 709 4592 artis
721 4527 861 4611 tragicae
880 4526 976 4611 leges.
988 4528 1131 4594 Pictones
1143 4527 1387 4595 exeiusfabnlis
