3250 5217
744 355 790 429 ‘ld

166 539 360 605 servandum
382 541 431 603 est
454 536 657 603 Aristotelem
681 540 874 603 senmntiam
896 537 1029 603 relatam
1055 559 1122 603 non
1143 538 1206 623 ipsi
1231 540 1358 603 Anaxa·

169 667 267 732 gorae
279 645 434 711 ascribere
445 645 499 710 sed
512 652 574 716 τοῖς
588 643 655 722 περὶ
670 643 729 729 Ἀ,
743 644 764 708 i.
776 666 803 711 e.
817 644 944 709 scholae
957 644 1197 729 Anaxagoreae.
1206 643 1362 709 Videmur

167 752 270 838 igitur
304 772 397 837 posse
430 751 617 817 concludere
653 772 725 815 eum
758 754 813 815 aut
845 751 1008 836 ignorasse
1039 750 1091 815 cui
1120 750 1249 835 proprie
1281 752 1363 815 esset

169 858 376 937 ascribenda,
396 862 451 923 aut
469 858 653 942 Euripidem
670 857 772 921 solum
792 860 952 942 spectasse
972 857 1077 921 eiusne
1089 856 1360 941 condiscipulum,

168 987 266 1050 quem
294 969 391 1051 poeta
420 986 560 1051 quoque,
592 963 709 1049 placito
740 966 781 1028 ad
810 963 944 1029 formam
968 963 1192 1048 simpliciorem
1214 963 1359 1043 redacto,

170 1072 269 1139 fuerit
290 1074 426 1138 secutus.

216 1178 380 1263 Reliquae·
401 1179 596 1256 sententiae,
627 1179 668 1244 ad
698 1200 804 1243 rerum
832 1181 980 1243 naturam
1004 1176 1240 1262 quodammodo
1260 1177 1360 1261 perti-

170 1289 301 1363 nentes,
334 1284 423 1349 velut
450 1287 490 1349 de
512 1284 591 1349 coeli
614 1284 709 1349 variis
732 1284 976 1369 tempestatibus
1000 1305 1072 1347 eum
1096 1282 1361 1348 vitaehumanae

170 1392 296 1457 casibus
319 1391 510 1475 comparatis
529 1390 581 1469 (fr.
607 1392 704 1476 332),
729 1390 767 1456 de
790 1390 942 1475 temperie
962 1388 1041 1455 coeli
1062 1388 1175 1454 Graeci
1195 1388 1248 1475 (tr.
1263 1390 1361 1476 971),

170 1501 211 1563 de
234 1499 391 1565 mensium
415 1520 548 1564 numero
570 1499 606 1563 iu
629 1520 729 1584 quem
746 1498 843 1564 borae
866 1498 1101 1563 distribuuntur
1125 1497 1176 1583 (fr.
1202 1499 1300 1585 980),
1325 1501 1364 1563 de

171 1610 258 1671 astro
289 1606 436 1671 Lucifero
468 1606 521 1692 (fr.
554 1606 633 1693 999)
671 1606 803 1672 leviores
828 1608 861 1671 et
884 1605 1082 1690 vulgatiores
1106 1609 1184 1670 sunt
1207 1627 1303 1691 quam
1326 1607 1364 1671 ut
1432 1648 1435 1652 -

171 1714 337 1779 materiem
360 1712 586 1798 disputationis
609 1712 759 1798 praebere
782 1712 908 1797 possint
922 1710 958 1799 1).

632 2258 819 2343 CAPUT
851 2259 904 2343 V.

271 2488 470 2543 OONGLUSIO.
497 2491 684 2542 nummus
709 2490 863 2541 numus
890 2490 1048 2542 SOHOLAE
1071 2489 1256 2542 SEO'PATOR.

218 2658 315 2726 Hisce
338 2660 492 2725 absolutis
515 2662 675 2725 restat-ut
698 2660 845 2727 confecta
866 2661 992 2725 ratione
1015 2660 1203 2726 concludam
1227 2658 1303 2744 quid
1327 2661 1367 2724 de

171 2770 243 2831 tota
265 2787 299 2831 re
321 2766 527 2831 statuendum
551 2767 707 2833 videatur.

219 2871 260 2936 In
290 2871 510 2937 examinandis
533 2872 700 2938 sententiis
724 2872 904 2957 Euripideis
929 2874 969 2938 ad
992 2895 1098 2939 rerum
1121 2875 1270 2938 naturam
1292 2894 1365 2957 per·

162 2964 352 3043 =timentibus
375 2979 660 3063 comparandisque
684 3001 757 3045 eum
780 2979 1044 3064 philosophorum
1063 2979 1206 3064 placitis,
1228 2978 1365 3063 primum

173 3084 311 3149 vidimus
342 3086 560 3151 testimonium
587 3085 685 3164 illud,
711 3087 796 3171 quod
820 3086 1012 3170 quibusdam
1034 3086 1240 3171 comprobare
1264 3084 1366 3148 visum

174 3190 217 3255 sit
240 3193 367 3275 poetam
391 3213 502 3256 omnes
525 3192 687 3256 doctrinas
711 3191 909 3278 Anaxagora
934 3192 1055 3276 priores
1077 3191 1262 3276 repudiare,
1293 3188 1367 3253 nul·

173 3296 235 3362 lius
265 3297 331 3361 fere
364 3320 431 3362 esse
454 3298 564 3382 pretii;
597 3301 667 3363 tum
688 3298 773 3363 inter
796 3298 1012 3383 praeceptoris
1035 3300 1188 3382 dogmata
1209 3296 1365 3382 quaedam

174 3401 313 3466 inveniri
335 3404 562 3488 congruentia,
585 3404 639 3468 sed
660 3404 823 3469 nonnullis
841 3404 877 3469 in
893 3405 987 3469 rebus
999 3407 1067 3469 tam
1078 3404 1209 3468 dubiam
1222 3406 1255 3467 et
1265 3401 1366 3467 levem

175 3530 241 3573 esse
271 3510 436 3593 utriusque
467 3509 725 3587 consensionem,
756 3514 793 3575 ut
823 3510 946 3575 nemini
971 3510 1006 3575 in
1031 3513 1170 3574 mentem
1196 3511 1366 3575 venturum

175 3614 288 3680 fuisset
307 3614 518 3699 Anaxagorea
535 3616 696 3693 conferre,
720 3616 780 3681 nisi
800 3620 929 3701 poetam
949 3638 1020 3681 eum
1042 3615 1199 3682 audivisse
1212 3614 1367 3679 traditum

177 3723 269 3785 esset.
290 3718 449 3796 Quaedam
475 3722 588 3786 deinde
607 3721 725 3806 injuria
743 3725 784 3786 ad
805 3745 911 3788 rerum
932 3726 1081 3787 naturam
1093 3723 1195 3787 relata
1207 3722 1313 3807 potius
1326 3723 1368 3786 ad

176 3849 226 3892 res
249 3829 388 3893 scenicas
411 3828 579 3913 pertinere.
605 3827 772 3893 Nonnulla
792 3830 944 3915 denique,
958 3851 1040 3914 quae
1052 3828 1262 3915 Anaxagoras
1274 3850 1367 3914 pror·

176 3955 229 3998 sus
251 3934 368 3999 similia
387 3934 560 4019 docuisset,
581 3935 677 3999 etiam
697 3934 858 4021 Aeschylo
877 3935 1072 4014 innotuisse,
1092 3936 1149 4021 qui
1168 3958 1241 4002 eum
1259 3935 1368 4001 audire

177 4060 242 4104 non
266 4040 417 4124 potuerit.

221 4144 436 4211 Vehementer
456 4146 556 4231 igitur
578 4151 704 4226 errant,
728 4148 784 4232 qui
802 4148 911 4214 omnia
931 4149 971 4213 ad
990 4148 1202 4235 Anaxagorae
1223 4148 1365 4214 scholam

212 4414 235 4476 l)
253 4414 322 4463 Dicta
347 4415 375 4463 da
396 4421 496 4467 naturas
511 4416 536 4466 vi
552 4417 615 4482 leges
631 4421 655 4467 et
670 4421 797 4485 praecepta
813 4418 935 4485 supernati
956 4419 981 4469 ia
999 4434 1054 4469 eum
1069 4419 1149 4469 locum
1165 4418 1264 4479 munli,
1281 4416 1322 4467 uhi
1335 4418 1364 4467 de

177 4498 266 4547 virtute
281 4501 305 4547 et
322 4497 428 4548 maribus
443 4499 490 4549 erit
506 4499 677 4551 disserendum.
