3250 5217
747 428 811 493 205

187 616 313 683 iaceret.
341 616 479 681 Theseus
506 617 611 680 autem
639 636 706 679 non
735 614 867 678 omnino
883 597 1029 679 ‘mortem
1056 613 1268 679 voluntariam
1286 616 1371 680 vitn-

186 729 293 810 perat,
317 726 371 788 sed
396 724 594 788 demonstrat
611 720 797 797 Herculem,
818 720 873 805 qui
891 724 998 785 tantos
1015 720 1140 785 labores
1157 722 1285 806 tulerit,
1306 744 1372 788 non

187 834 295 895 decere
335 830 402 893 vita
436 830 589 913 migrare,
627 827 682 891 ubi
715 828 785 912 ipsa
820 827 903 891 vitae
937 826 1117 910 perfunctio
1151 827 1371 893 difficillimum

186 936 328 1000 laborem
359 934 519 1019 praebeat.
555 938 625 1017 Ipse
656 955 781 1018 quoque
812 933 905 997 heroe
928 931 1041 997 Thesei
1063 933 1206 999 oratione
1228 935 1372 999 velutin

188 1043 286 1107 vitam
323 1044 487 1107 revocatus
521 1062 589 1105 non
625 1039 762 1104 affirmat
795 1061 829 1103 se
857 1044 996 1103 metuere
1026 1062 1066 1104 ne
1100 1045 1372 1124 peccaturuS,

189 1149 242 1212 sed
266 1169 307 1212 ne
328 1147 526 1232 ignaviae
549 1145 675 1229 culpam
699 1145 760 1209 sibi
783 1148 1004 1210 contracturus
1024 1145 1082 1223 sit,
1095 1145 1122 1209 si
1141 1149 1275 1212 mortem
1287 1148 1372 1213 ultro

189 1258 286 1338 petat.
312 1252 383 1317 Hoc
405 1252 504 1336 igitur
528 1252 694 1317 consilinm
719 1250 841 1316 nullam
865 1272 936 1315 oum
961 1250 1130 1336 disciplina
1152 1252 1374 1339 philosophica

189 1360 412 1445 cognationem
437 1358 552 1422 habere
575 1358 709 1423 videtur.

235 1467 349 1551 Itaque
377 1464 539 1549 Euripidis
571 1463 762 1528 sententiam
793 1484 890 1547 supra
913 1463 1044 1527 relatam
1069 1485 1136 1528 non
1158 1487 1176 1529 e
1198 1465 1286 1531 fonte
1309 1467 1374 1553 Py·

190 1572 354 1657 thagon'co
388 1570 592 1663 repetendam
628 1591 693 1634 esse
727 1572 816 1654 puto.
852 1568 964 1634 Potius
995 1570 1154 1635 conferam
1183 1574 1373 1638 sententiam
1492 1629 1494 1641 .

189 1678 362 1755 Heracliti,
381 1677 417 1740 in
440 1676 521 1741 libro
547 1676 612 1754 περὶ
637 1676 777 1755 φύσεως,
801 1697 894 1760 quem
918 1674 1064 1759 Euripidi
1083 1677 1123 1741 ad
1136 1700 1266 1742 manum
1280 1679 1376 1745 fuisse

190 1807 285 1870 supra
308 1787 375 1870 (pg.
402 1783 458 1868 22)
481 1782 635 1859 vidimus,
661 1782 803 1846 docentis
827 1781 967 1845 divinam
991 1782 1129 1846 hominis
1149 1788 1375 1868 partem,cnm

120 1910 122 1918 ·
190 1891 323 1957 materia
346 1891 401 1955 vili
422 1891 457 1954 in
479 1891 546 1955 vita
569 1890 792 1974 conjunctam,
817 1892 918 1952 morte
940 1887 1085 1971 liberari3
1110 1895 1252 1955 nostram
1275 1894 1377 1957 vitam

191 2020 257 2064 esse
280 1999 410 2063 deorum
433 1999 585 2074 mortem,
604 1998 751 2085 nostram
774 2014 849 2059 vero
873 1999 1006 2059 mortem
1030 2016 1139 2059 eorum
1162 1997 1261 2061 vitam
1277 2002 1310 2083 ¹).

235 2212 398 2296 Exemplis
429 2210 644 2276 demonstravi
674 2208 858 2291 Euripidem
890 2208 960 2273 aliie
991 2208 1069 2274 locis
1099 2209 1191 2275 aliter
1214 2212 1253 2276 de
1276 2220 1378 2279 morte

191 2318 358 2396 disserere,
382 2318 477 2383 modo
497 2316 730 2401 mythologice,
751 2316 846 2379 modo
865 2315 1012 2399 physice,
1033 2317 1128 2381 modo
1149 2316 1377 2403 philosophice.

191 2424 230 2490 Iu
263 2425 302 2489 iis
325 2424 434 2501 rebus,
461 2446 542 2509 quae
565 2426 605 2488 ad
628 2423 761 2487 traditas
784 2442 935 2505 personas
958 2422 1098 2487 scenicas
1122 2424 1257 2489 maxime
1279 2427 1378 2511 perti·

192 2534 289 2615 nent,
322 2532 469 2615 vulgares
500 2530 665 2615 opiniones
691 2528 878 2613 plemmque
901 2530 1056 2607 servavit,
1079 2551 1274 2616 quamquam
1296 2534 1378 2598 veri·

193 2636 296 2701 simile
329 2641 376 2703 est
407 2658 497 2715 eum,
529 2636 653 2721 quoties
683 2634 869 2719 diligentius
898 2635 1040 2721 cogitare
1064 2637 1235 2721 coepisset,
1254 2638 1294 2703 iis
1312 2660 1380 2705 non

191 2742 327 2827 amplius
349 2742 443 2808 fidem
467 2742 620 2808 habuisse.

236 2848 419 2915 Sententiae
443 2850 508 2914 eius
530 2847 768 2933 philosophicae
796 2852 829 2913 et
850 2848 1000 2933 physicae
1023 2870 1089 2914 non
1112 2871 1222 2916 omnes
1243 2852 1329 2917 inter
1347 2874 1380 2917 se

193 2961 350 3041 pugnant.
371 2956 403 3021 Is
422 2956 478 3041 qui
498 2958 590 3043 putat
609 2956 749 3022 animam
768 2958 871 3019 morte
890 2977 909 3019 a
928 2976 1060 3039 corpore
1080 2955 1266 3021 dissolutam
1278 2958 1381 3023 redire

192 3064 227 3128 in
262 3063 390 3129 aethera
423 3063 508 3127 unde
539 3066 615 3127 nata
642 3062 701 3141 sit,
734 3062 794 3127 sihi
825 3065 977 3126 constans
1004 3062 1107 3126 dicere
1130 3066 1250 3147 potest:
1276 3066 1311 3127 τὸ
1335 3065 1380 3143 μὴ

192 3171 333 3249 γενέσθαι
358 3174 399 3250 τῷ
423 3173 521 3235 θανεῖν
545 3168 607 3234 ἴσον
630 3168 732 3248 λέγω,
756 3172 789 3233 et
811 3190 852 3233 nc
875 3174 955 3234 tunc
976 3168 1104 3253 quidem
1127 3190 1233 3234 secum
1255 3172 1382 3255 pugnat

194 3277 329 3343 ubisit:
351 3277 397 3346 rte
417 3272 495 3341 οἶδεν
514 3278 538 3341 εἰ
559 3276 594 3340 τὸ
614 3276 667 3357 ζῆν
687 3278 743 3353 μέν
757 3277 821 3340 ε’ττν
835 3277 997 3341 κατθανεῖν
1010 3299 1038 3339 κ.
1051 3299 1080 3341 τ.
1093 3289 1125 3339 λ.
1150 3274 1380 3341 Verumtamen

193 3371 288 3467 poeta
310 3384 377 3468 ipse
400 3382 485 3447 haud
510 3382 604 3447 dubie
624 3381 682 3448 has
702 3382 875 3447 sententias
895 3381 1089 3467 cogitatione
1108 3402 1283 3465 numquam
1302 3402 1380 3447 con-

197 3490 334 3555 tinuarit
365 3492 398 3554 et
429 3489 611 3574 conjunxit,
645 3509 746 3572 neque
778 3508 817 3552 ex
849 3490 960 3552 eodem
990 3486 1080 3551 fonte
1107 3487 1244 3571 repetiit.
1275 3486 1381 3563 Quum

194 3600 357 3681 praeterea
387 3594 495 3680 opinio
527 3596 584 3659 illa
614 3596 652 3660 de
682 3594 780 3660 solius
808 3594 980 3659 Alcestidis
1009 3594 1161 3659 beatitate
1189 3594 1298 3659 futura
1327 3595 1382 3661 rix

197 3704 338 3789 copulari
357 3702 458 3787 possit
480 3723 551 3768 cum
575 3701 631 3767 illo
655 3701 799 3767 omnium
823 3702 1000 3766 animarum
1020 3700 1125 3765 reditu
1142 3701 1178 3765 in
1197 3701 1382 3767 universum

196 3810 342 3888 aethera,
376 3812 518 3895 praestat
549 3812 688 3874 statuere
703 3796 844 3893 vpoetam
876 3808 1052 3873 sententiae
1080 3807 1257 3886 incertum,
1285 3810 1383 3892 prout

198 3916 280 3981 ratio
300 3915 363 3981 loci
386 3916 549 3993 suaderet,
576 3952 616 3963 -
637 3914 778 3979 velutin
797 3914 957 3979 Alcestide
976 3913 1085 3979 fabula
1103 3920 1141 3977 nt
1157 3914 1236 3980 haec
1253 3914 1381 3979 virtutis

196 4022 371 4106 praemium
401 4021 543 4106 accipere
570 4021 767 4098 crederetur,
794 4020 830 4083 in
849 4018 1026 4084 Troadibus
1045 4023 1082 4086 ut
1104 4020 1252 4084 solatium
1276 4018 1381 4084 afferri

197 4130 303 4210 posset
326 4125 478 4193 Hecubae
501 4130 582 4206 cet,
607 4164 648 4177 -
673 4126 797 4191 diversa
821 4124 1002 4190 enuntiasse
1026 4128 1058 4189 et
1079 4124 1233 4191 laudasse.

194 4274 369 4287 ινα-ψ

229 4356 256 4421 1)
278 4358 348 4423 Apud
372 4355 481 4421 Hippol,
503 4355 574 4405 reiut.
599 4354 648 4404 IX.
673 4356 717 4404 102
735 4352 855 4402 ἀθάνατοι
872 4351 965 4410 θνητοὶ,
982 4350 1064 4411 θνηταὶ
1078 4350 1210 4411 ἀθάνατα,
1227 4350 1321 4418 ζῶντες
1338 4352 1382 4403 τὸν

196 4433 291 4488 ἐκείνων
308 4436 426 4495 θάνατον,
448 4438 491 4486 τὸν
516 4436 543 4486 δὲ
561 4433 655 4486 ἐκείνων
673 4437 725 4499 βίον
742 4435 888 4493 τεθνεῶτες,
904 4437 935 4487 ci.
951 4436 1029 4486 Zellcr
1046 4438 1060 4485 1
1077 4453 1115 4503 pg.
1131 4435 1180 4487 646
1194 4453 1229 4501 eq.

684 4563 876 4573 .....-.—--—-—
