3250 5217
825 414 868 478 54

248 603 430 689 fragmento
452 602 579 687 legitur.
603 600 768 686 Numquid
787 602 913 685 praeter
931 600 1071 663 animam
1092 598 1121 663 ei
1140 621 1178 663 ex
1197 598 1324 664 aethere
1335 602 1440 663 ortum

246 710 353 796 potuit
375 708 499 773 videri?

292 816 441 900 Suspicor
474 835 532 900 ego
563 812 781 879 dissolutionis
812 812 899 876 illius
931 813 1054 876 nullum
1077 812 1255 896 exemplum
1279 810 1442 895 perspioue

247 924 313 987 eius
333 922 441 986 animo
461 920 664 987 obversatum
677 940 744 983 esse
755 922 881 1003 praeter
893 918 1104 983 animantium
1118 922 1268 1001 mortem;
1282 940 1353 982 eum
1366 938 1440 982 vero

247 1027 467 1112 indulgentem
491 1026 623 1111 ingenio
646 1047 703 1090 suo
724 1025 878 1109 placitum
897 1024 978 1089 illud
997 1024 1030 1087 in
1055 1024 1236 1088 universum
1248 1023 1440 1089 enuntiasse.

293 1132 340 1199 Ut
358 1134 398 1197 ad
417 1133 644 1217 Anaxagoram
665 1133 850 1209 redeamus,
873 1130 1023 1195 discimus
1042 1152 1113 1195 eum
1134 1131 1275 1194 animam
1293 1130 1443 1194 habuisse

209 1306 212 1313 ,
247 1238 435 1325 particulam
460 1238 588 1303 Mentis.
614 1237 735 1303 Verum
760 1238 798 1302 de
824 1240 925 1302 morte
945 1236 1068 1302 nullum
1090 1236 1157 1302 eius
1171 1236 1196 1322 ¹)
1216 1237 1353 1302 traditur
1371 1236 1441 1322 pla-

247 1346 345 1411 oitum
377 1348 515 1423 eertum,
547 1345 585 1408 de
616 1366 679 1428 qua
710 1366 752 1407 an
777 1344 987 1428 disputaverit
1008 1344 1141 1409 omnino
1164 1344 1350 1428 ambiguum
1376 1346 1442 1418 est,

248 1472 441 1536 quamquam
462 1453 547 1515 reete
568 1450 703 1515 fortasse
721 1450 835 1515 statuit
847 1449 948 1514 Zeller
962 1451 1026 1534 (pg.
1041 1451 1119 1534 908)
1134 1449 1248 1515 ›Naoh
1261 1450 1369 1514 seinen
1382 1448 1442 1513 all·

249 1556 415 1641 gemeinen
437 1555 740 1640 Voraussetaungen
748 1595 752 1602 -
760 1560 880 1621 mtisste
893 1579 967 1621 man
982 1557 1056 1621 aber
1068 1556 1242 1641 allerdings
1254 1556 1442 1633 sehliessen,

250 1665 305 1727 der
328 1662 418 1727 Geist
441 1662 488 1727 als
512 1662 636 1727 soluher
659 1663 704 1727 sei
728 1684 812 1726 awar
837 1662 935 1747 ewig,
960 1662 1019 1726 wie
1042 1662 1097 1727 der
1120 1661 1217 1745 suff,
1239 1662 1290 1726 die
1309 1661 1443 1746 geistige

250 1768 495 1833 Individualitst
524 1771 671 1853 dagegen
695 1769 812 1833 ebenso
837 1769 1043 1853 vergdnglieh
1069 1769 1128 1833 wie
1153 1767 1391 1833 diestoffliohe”
1405 1767 1442 1854 ⁸).

295 1875 452 1952 Quoniam
476 1880 583 1941 tamen
608 1875 690 1941 nihil
714 1876 895 1941 huiusmodi
921 1876 1070 1940 traditum
1097 1877 1160 1953 est,
1183 1876 1346 1940 uideamus
1369 1878 1442 1938 tan-

251 1984 322 2047 dem
353 1987 510 2067 quatenus
542 1987 636 2067 poeta
666 2004 738 2047 oum
772 1982 964 2067 philosopho
1000 2004 1129 2067 prorsus
1161 1982 1346 2049 conciderit.
1371 1981 1443 2046 Huu

250 2090 401 2154 redeunt:
425 2089 459 2152 1⁰
480 2087 563 2152 nihil
584 2088 711 2173 proprie
731 2089 880 2165 interire,
902 2110 1011 2153 verum
1031 2092 1135 2153 ortum
1155 2092 1187 2152 et
1198 2088 1365 2152 interitum
1377 2111 1443 2153 esse

250 2194 334 2273 μῖξιν
359 2199 391 2259 et
413 2194 596 2272 διαλλαξνν,
622 2198 656 2258 2⁰
679 2195 803 2259 animae
827 2200 976 2259 naturam
1000 2216 1066 2259 esse
1089 2194 1327 2259 subtilissimam
1337 2196 1374 2280 8).

297 2300 385 2365 Haeo
414 2304 519 2365 autem
551 2321 663 2365 omnes
685 2300 751 2365 fere
774 2300 841 2364 eius
864 2300 1018 2385 temporis
1041 2300 1243 2384 philosophi,
1267 2302 1346 2385 quin
1370 2324 1442 2366 eru-

252 2407 381 2484 ditiores
410 2427 538 2485 omnes,
573 2406 732 2490 suspicor,
766 2406 960 2489 docuerunt3
993 2406 1156 2490 proprium
1184 2427 1259 2471 vero
1283 2405 1443 2490 Euripidis

251 2511 332 2576 illud
356 2512 395 2575 de
418 2515 519 2577 morte
543 2515 576 2576 et
598 2510 746 2589 interitu,
772 2511 834 2575 nisi
856 2511 939 2576 forte
962 2534 1045 2575 nova
1070 2514 1108 2576 de
1131 2511 1334 2597 philosophia
1354 2511 1443 2577 Ana·

252 2637 390 2701 ragonea
413 2618 595 2682 testimonia
608 2640 625 2681 e
637 2617 777 2682 tenebris
800 2618 1022 2701 proterantur,
1044 2622 1085 2683 ad
1104 2619 1201 2684 huius
1221 2620 1443 2684 auctoritatem

252 2724 394 2788 revocari
419 2746 481 2788 non
507 2728 621 2808 potest.

298 2830 481 2908 Praeterea,
503 2834 540 2894 ut
559 2831 619 2895 hae
638 2852 764 2915 quoque
782 2830 818 2894 in
836 2853 870 2895 re
889 2832 1041 2914 temporis
1064 2832 1264 2901 observemus
1284 2832 1444 2909 rationes,

252 2959 361 3002 nonne
392 2938 509 3021 dogma
532 2941 599 3002 tam
623 2959 721 3023 grave
740 2938 807 3022 jam
833 2938 1005 3022 aliquando
1030 2939 1102 3003 vivo
1126 2944 1330 3023 praeceptore
1353 2939 1443 3003 evul-

254 3047 377 3128 gasset,
403 3044 427 3107 si
452 3044 582 3108 eumin
606 3043 747 3108 naturali
771 3042 974 3127 philosophia
997 3066 1103 3128 presse
1127 3049 1209 3108 esset
1231 3047 1380 3110 secutus?
1404 3045 1444 3109 In

188 3162 237 3211 429
254 3150 293 3213 iis
313 3153 418 3213 autem
441 3149 634 3233 tragoediis,
656 3171 734 3233 quas
753 3153 879 3213 constat
898 3152 974 3213 ante
994 3148 1044 3214 Ol.
1068 3151 1146 3227 87,3
1158 3151 1350 3234 compositas
1362 3173 1446 3228 esse,

254 3256 336 3320 nihil
368 3255 550 3320 huiusmodi
577 3256 759 3331 invenitur;
785 3261 820 3319 at
842 3254 881 3318 fr.
908 3254 991 3332 836,
1016 3257 1101 3339 quod
1125 3256 1184 3320 hao
1207 3257 1241 3319 in
1265 3277 1299 3320 re
1323 3257 1446 3341 gravis-

186 3376 236 3424 406
255 3362 369 3426 simum
393 3383 460 3426 esso
483 3361 636 3440 vidimus,
660 3384 677 3425 e
701 3360 881 3446 Chrysippo
913 3364 962 3425 est
993 3360 1042 3426 01.
1076 3362 1152 3444 93,2
1176 3363 1352 3446 composito
1374 3368 1448 3447 post

257 3467 393 3551 amplius
417 3467 533 3552 viginti
559 3487 661 3532 annos
684 3489 779 3552 quam
803 3472 947 3531 mortuus
971 3470 1019 3531 est
1042 3465 1269 3552 Anaxagoras!

289 3734 316 3799 1)
335 3733 365 3782 In
381 3733 444 3782 Plao.
459 3734 527 3798 phil,
544 3736 572 3785 V.
588 3737 628 3794 25,
644 3738 668 3793 3,
677 3737 830 3799 Anaxagoras
838 3735 945 3783 doouiase
954 3735 1043 3784 dieitur
1053 3734 1125 3783 lixum
1137 3737 1279 3796 σωματικὸν
1289 3731 1349 3785 εἶναι
1358 3734 1448 3795 πάθος,

255 3812 282 3863 ob
298 3813 422 3877 ψυχικόν·
439 3811 499 3864 εἶναι
515 3814 542 3864 δὲ
555 3816 598 3865 καῖ
612 3815 700 3878 ψυχῆς
716 3815 819 3864 θάνατον
837 3818 879 3866 τὸν
894 3815 1077 3879 διαχωρισμόν,
1087 3819 1149 3881 quod
1158 3818 1236 3866 Zeller
1245 3823 1293 3884 (pg.
1303 3819 1364 3882 808)
1375 3818 1449 3866 inter·

254 3900 362 3963 pretatus
381 3900 501 3949 ‚animam
518 3899 596 3964 perire
613 3900 638 3948 in
655 3899 762 3964 eorporis
779 3898 944 3965 separatioua’'
961 3901 1007 3949 fide
1021 3900 1147 3964 indignum
1160 3903 1237 3965 putat.
1252 3903 1285 3949 At
1299 3917 1353 3949 oum
1361 3900 1449 3950 Sohau·

253 3977 337 4027 bachio
354 3984 403 4044 (pg.
423 3981 480 4040 189)
496 3980 577 4045 potius
593 3981 720 4030 verterim:
739 3986 842 4030 mortem
859 3997 907 4029 esea
924 3982 1098 4046 separationem
1117 3981 1209 4030 animae
1226 3998 1240 4031 a
1255 3998 1362 4045 torpore.

289 4061 316 4127 2)
334 4062 370 4110 Of.
390 4063 489 4111 tristor.
509 4064 537 4111 de
553 4065 599 4111 Au.
618 4064 639 4112 l.
658 4064 686 4112 2:
707 4064 877 4128 Ἀναξαγόρας
894 4061 917 4111 δ’
931 4061 996 4112 ’ἔοικε
1011 4064 1056 4125 μὲν
1071 4062 1153 4125 ’ἕτερον
1169 4061 1251 4127 λέγειν
1263 4061 1349 4126 ψυχήν
1363 4081 1392 4113 τε
1407 4064 1450 4113 καὶ

256 4145 321 4200 νοῦν,
340 4142 421 4205 ὥσπερ
440 4142 540 4205 dirrupta
558 4142 600 4192 καῖ
617 4146 746 4208 πρότερον.
766 4148 861 4209 χρῆται
878 4144 995 4209 δ’ἀμφοῖν
1012 4145 1044 4202 ὡς
1061 4150 1107 4211 μιᾷ
1124 4144 1206 4209 φύσει.

289 4227 317 4291 8)
336 4227 400 4275 Nam
418 4242 503 4290 parum
521 4226 608 4275 attinet
625 4244 738 4291 quaerere
757 4232 840 4278 utrum
858 4231 931 4279 Anax.
949 4220 991 4277 τὸν
1011 4231 1078 4285 νοῦν,
1096 4256 1129 4265 -
1147 4244 1194 4292 quo
1216 4228 1293 4277 utitur
1305 4229 1374 4293 quasi
1388 4229 1449 4279 eius·

255 4311 309 4359 dem
327 4319 427 4359 naturae
444 4317 502 4359 esset
519 4310 655 4370 unanima,
673 4315 700 4360 ut
717 4312 839 4377 superiora
856 4317 938 4362 annot.
957 4312 1073 4370 vidimus,
1090 4339 1122 4348 —
1137 4308 1450 4371 veliteaaecdpoeaudrd-

256 4410 351 4455 ματον,
377 4394 406 4441 de
431 4409 477 4456 qua
502 4408 528 4441 re
553 4396 614 4443 teste
637 4395 720 4443 eodem
742 4394 880 4443 Amatotelia
904 4395 981 4459 eapite
1007 4388 1097 4450 ,ἦττον
1120 4391 1258 4456 διασαφεῒ”
1278 4395 1314 4459 (ν.
1331 4392 1451 4458 imprimis

256 4475 334 4525 Zeller
357 4491 397 4540 pg.
420 4476 470 4523 888
493 4491 546 4524 aum
570 4479 650 4527 annot.
676 4477 710 4543 b).
738 4478 822 4541 Neque
847 4476 977 4541 quidquam
990 4477 1060 4539 juvat
1075 4477 1189 4540 indagare
1204 4476 1262 4541 quid
1279 4476 1335 4526 Eur.
1355 4476 1452 4542 proprie

257 4558 320 4607 dieat
337 4555 442 4619 αἰθερίαν
459 4555 546 4621 γονήν,
563 4559 625 4623 quod
643 4575 673 4608 ne
690 4559 770 4625 ipsum
787 4559 885 4623 quidem
902 4558 959 4607 satis
976 4559 1120 4624 perspexisse
1136 4559 1248 4624 suspicor.
