<?xml version="1.0" encoding="UTF-8"?>
<!DOCTYPE html PUBLIC "-//W3C//DTD XHTML 1.0 Transitional//EN"
    "http://www.w3.org/TR/xhtml1/DTD/xhtml1-transitional.dtd">
<html xmlns="http://www.w3.org/1999/xhtml" xml:lang="en" lang="en">
 <head>
  <title>
</title>
<meta http-equiv="Content-Type" content="text/html;charset=utf-8" />
  <meta name='ocr-system' content='tesseract 3.04.00' />
  <meta name='ocr-capabilities' content='ocr_page ocr_carea ocr_par ocr_line ocrx_word'/>
</head>
<body>
  <div class='ocr_page' id='page_1' title='image "./commentatiodeeu00unkngoog_0192.png"; bbox 0 0 3250 5217; ppageno 0'>
   <div class='ocr_carea' id='block_1_1' title="bbox 828 428 890 493">
    <p class='ocr_par' dir='ltr' id='par_1_1' title="bbox 828 428 890 493">
     <span class='ocr_line' id='line_1_1' title="bbox 828 428 890 493; baseline 0.032 -2"><span class='ocrx_word' id='word_1_1' title='bbox 828 428 890 493; x_wconf 87' lang='lat'>180</span> 
     </span>
    </p>
   </div>
   <div class='ocr_carea' id='block_1_2' title="bbox 170 604 1502 4109">
    <p class='ocr_par' dir='ltr' id='par_1_2' title="bbox 170 604 1456 1338">
     <span class='ocr_line' id='line_1_2' title="bbox 263 604 1456 697; baseline 0.004 -24"><span class='ocrx_word' id='word_1_2' title='bbox 263 604 324 693; x_wconf 89' lang='lat' dir='ltr'>qui</span> <span class='ocrx_word' id='word_1_3' title='bbox 346 610 441 674; x_wconf 89' lang='lat' dir='ltr'>caede</span> <span class='ocrx_word' id='word_1_4' title='bbox 464 609 591 694; x_wconf 89' lang='lat' dir='ltr'>polluti·</span> <span class='ocrx_word' id='word_1_5' title='bbox 605 613 661 675; x_wconf 91' lang='lat' dir='ltr'>aut</span> <span class='ocrx_word' id='word_1_6' title='bbox 683 611 871 677; x_wconf 85' lang='lat' dir='ltr'>innocentes</span> <span class='ocrx_word' id='word_1_7' title='bbox 895 612 936 676; x_wconf 89' lang='lat' dir='ltr'>ab</span> <span class='ocrx_word' id='word_1_8' title='bbox 959 612 1098 677; x_wconf 87' lang='lat' dir='ltr'>inimicis</span> <span class='ocrx_word' id='word_1_9' title='bbox 1122 614 1227 697; x_wconf 89' lang='lat' dir='ltr'>patria</span> <span class='ocrx_word' id='word_1_10' title='bbox 1250 615 1391 697; x_wconf 88' lang='lat' dir='ltr'>expulsi,</span> <span class='ocrx_word' id='word_1_11' title='bbox 1416 614 1456 678; x_wconf 91' lang='lat' dir='ltr'>ab</span> 
     </span>
     <span class='ocr_line' id='line_1_3' title="bbox 263 716 1455 803; baseline 0.001 -20"><span class='ocrx_word' id='word_1_12' title='bbox 263 716 518 783; x_wconf 64' lang='lat' dir='ltr'>‘Atheniensibus</span> <span class='ocrx_word' id='word_1_13' title='bbox 552 721 725 802; x_wconf 87' lang='lat' dir='ltr'>praeeunte</span> <span class='ocrx_word' id='word_1_14' title='bbox 759 740 834 803; x_wconf 84' lang='lat' dir='ltr'>rege</span> <span class='ocrx_word' id='word_1_15' title='bbox 865 718 1084 803; x_wconf 91' lang='lat' dir='ltr'>excipiuntur,</span> <span class='ocrx_word' id='word_1_16' title='bbox 1115 723 1314 803; x_wconf 84' lang='lat' dir='ltr'>purgantur,</span> <span class='ocrx_word' id='word_1_17' title='bbox 1346 719 1455 791; x_wconf 86' lang='lat' dir='ltr'>defen-</span> 
     </span>
     <span class='ocr_line' id='line_1_4' title="bbox 170 813 1455 919; baseline 0 -30"><span class='ocrx_word' id='word_1_18' title='bbox 170 813 172 819; x_wconf 31' lang='lat'>*</span> <span class='ocrx_word' id='word_1_19' title='bbox 262 826 395 890; x_wconf 87' lang='lat' dir='ltr'>duntur.</span> <span class='ocrx_word' id='word_1_20' title='bbox 417 823 581 919; x_wconf 79' lang='lat' dir='ltr'>Supplices</span> <span class='ocrx_word' id='word_1_21' title='bbox 603 830 719 889; x_wconf 88' lang='lat' dir='ltr'>matres</span> <span class='ocrx_word' id='word_1_22' title='bbox 736 825 935 911; x_wconf 79' lang='lat' dir='ltr'>principum,</span> <span class='ocrx_word' id='word_1_23' title='bbox 952 828 1008 912; x_wconf 90' lang='lat' dir='ltr'>qui</span> <span class='ocrx_word' id='word_1_24' title='bbox 1028 828 1112 912; x_wconf 89' lang='lat' dir='ltr'>apud</span> <span class='ocrx_word' id='word_1_25' title='bbox 1128 825 1254 891; x_wconf 77' lang='lat' dir='ltr'><strong>Thebas</strong></span> <span class='ocrx_word' id='word_1_26' title='bbox 1267 827 1455 904; x_wconf 87' lang='lat' dir='ltr'>ceciderunt,</span> 
     </span>
     <span class='ocr_line' id='line_1_5' title="bbox 266 929 1455 1021; baseline 0.003 -27"><span class='ocrx_word' id='word_1_27' title='bbox 266 929 285 994; x_wconf 83' lang='lat' dir='ltr'>a</span> <span class='ocrx_word' id='word_1_28' title='bbox 308 930 550 1009; x_wconf 81' lang='lat' dir='ltr'>Thebanorum,</span> <span class='ocrx_word' id='word_1_29' title='bbox 577 968 617 979; x_wconf 92' lang='lat'><em>-</em></span> <span class='ocrx_word' id='word_1_30' title='bbox 642 930 829 1021; x_wconf 79' lang='lat' dir='ltr'>Heraclidae</span> <span class='ocrx_word' id='word_1_31' title='bbox 854 933 895 997; x_wconf 91' lang='lat' dir='ltr'>ab</span> <span class='ocrx_word' id='word_1_32' title='bbox 918 933 1089 1017; x_wconf 81' lang='lat' dir='ltr'>Eurysthei</span> <span class='ocrx_word' id='word_1_33' title='bbox 1108 934 1313 999; x_wconf 84' lang='lat' dir='ltr'>vindicantur</span> <span class='ocrx_word' id='word_1_34' title='bbox 1330 932 1455 998; x_wconf 86' lang='lat' dir='ltr'>ferocia.</span> 
     </span>
     <span class='ocr_line' id='line_1_6' title="bbox 266 1035 1455 1124; baseline 0.002 -23"><span class='ocrx_word' id='word_1_35' title='bbox 266 1035 407 1123; x_wconf 83' lang='lat' dir='ltr'>Oedipus</span> <span class='ocrx_word' id='word_1_36' title='bbox 439 1037 530 1101; x_wconf 85' lang='lat' dir='ltr'>novit</span> <span class='ocrx_word' id='word_1_37' title='bbox 545 1058 586 1101; x_wconf 87' lang='lat' dir='ltr'>se</span> <span class='ocrx_word' id='word_1_38' title='bbox 609 1035 747 1102; x_wconf 89' lang='lat' dir='ltr'>Athenis</span> <span class='ocrx_word' id='word_1_39' title='bbox 771 1039 903 1103; x_wconf 89' lang='lat' dir='ltr'>comiter</span> <span class='ocrx_word' id='word_1_40' title='bbox 927 1042 1094 1124; x_wconf 84' lang='lat' dir='ltr'>exceptum</span> <span class='ocrx_word' id='word_1_41' title='bbox 1115 1039 1170 1116; x_wconf 91' lang='lat' dir='ltr'>iri;</span> <span class='ocrx_word' id='word_1_42' title='bbox 1198 1038 1352 1104; x_wconf 88' lang='lat' dir='ltr'>Hercules</span> <span class='ocrx_word' id='word_1_43' title='bbox 1376 1038 1455 1103; x_wconf 91' lang='lat' dir='ltr'>libe·</span> 
     </span>
     <span class='ocr_line' id='line_1_7' title="bbox 265 1142 1456 1229; baseline 0.002 -22"><span class='ocrx_word' id='word_1_44' title='bbox 265 1164 372 1209; x_wconf 90' lang='lat' dir='ltr'>rorum</span> <span class='ocrx_word' id='word_1_45' title='bbox 405 1143 562 1227; x_wconf 83' lang='lat' dir='ltr'>sanguine</span> <span class='ocrx_word' id='word_1_46' title='bbox 592 1143 767 1209; x_wconf 87' lang='lat' dir='ltr'>maculatus</span> <span class='ocrx_word' id='word_1_47' title='bbox 791 1166 810 1208; x_wconf 86' lang='lat' dir='ltr'>a</span> <span class='ocrx_word' id='word_1_48' title='bbox 834 1144 956 1210; x_wconf 81' lang='lat' dir='ltr'>Theseo</span> <span class='ocrx_word' id='word_1_49' title='bbox 988 1147 1097 1210; x_wconf 86' lang='lat' dir='ltr'>eodem</span> <span class='ocrx_word' id='word_1_50' title='bbox 1120 1144 1307 1222; x_wconf 88' lang='lat' dir='ltr'>abducitur,</span> <span class='ocrx_word' id='word_1_51' title='bbox 1331 1142 1456 1229; x_wconf 80' lang='lat' dir='ltr'>Aegeus</span> 
     </span>
     <span class='ocr_line' id='line_1_8' title="bbox 265 1249 1005 1338; baseline 0.005 -23"><span class='ocrx_word' id='word_1_52' title='bbox 265 1249 395 1315; x_wconf 82' lang='lat' dir='ltr'>Medeae</span> <span class='ocrx_word' id='word_1_53' title='bbox 419 1250 567 1333; x_wconf 85' lang='lat' dir='ltr'>expulsae</span> <span class='ocrx_word' id='word_1_54' title='bbox 588 1249 770 1336; x_wconf 81' lang='lat' dir='ltr'>perfugium</span> <span class='ocrx_word' id='word_1_55' title='bbox 794 1251 956 1336; x_wconf 90' lang='lat' dir='ltr'>promittit</span> <span class='ocrx_word' id='word_1_56' title='bbox 969 1251 1005 1338; x_wconf 88' lang='grc'>1).</span> 
     </span>
    </p>

    <p class='ocr_par' dir='ltr' id='par_1_3' title="bbox 200 1356 1502 2827">
     <span class='ocr_line' id='line_1_9' title="bbox 311 1356 1455 1444; baseline -0.002 -21"><span class='ocrx_word' id='word_1_57' title='bbox 311 1356 426 1423; x_wconf 85' lang='lat' dir='ltr'>Verbis</span> <span class='ocrx_word' id='word_1_58' title='bbox 456 1358 581 1444; x_wconf 81' lang='lat' dir='ltr'>quoque</span> <span class='ocrx_word' id='word_1_59' title='bbox 604 1358 785 1443; x_wconf 87' lang='lat' dir='ltr'>saepissime</span> <span class='ocrx_word' id='word_1_60' title='bbox 816 1360 963 1423; x_wconf 88' lang='lat' dir='ltr'>Athenas</span> <span class='ocrx_word' id='word_1_61' title='bbox 986 1358 1168 1425; x_wconf 87' lang='lat' dir='ltr'>celebravit.</span> <span class='ocrx_word' id='word_1_62' title='bbox 1192 1357 1330 1423; x_wconf 80' lang='lat' dir='ltr'>&#39;lhoades</span> <span class='ocrx_word' id='word_1_63' title='bbox 1354 1357 1455 1443; x_wconf 85' lang='lat' dir='ltr'>capti·</span> 
     </span>
     <span class='ocr_line' id='line_1_10' title="bbox 262 1464 1456 1557; baseline 0 -29"><span class='ocrx_word' id='word_1_64' title='bbox 262 1485 331 1557; x_wconf 30' lang='lat' dir='ltr'>vae·</span> <span class='ocrx_word' id='word_1_65' title='bbox 352 1466 468 1549; x_wconf 89' lang='lat' dir='ltr'>optant</span> <span class='ocrx_word' id='word_1_66' title='bbox 499 1486 532 1529; x_wconf 92' lang='lat' dir='ltr'>se</span> <span class='ocrx_word' id='word_1_67' title='bbox 561 1464 709 1530; x_wconf 77' lang='lat' dir='ltr'>Athenas</span> <span class='ocrx_word' id='word_1_68' title='bbox 740 1465 914 1531; x_wconf 88' lang='lat' dir='ltr'>abductum</span> <span class='ocrx_word' id='word_1_69' title='bbox 934 1465 974 1528; x_wconf 93' lang='lat' dir='ltr'>iri</span> <span class='ocrx_word' id='word_1_70' title='bbox 1000 1466 1078 1549; x_wconf 86' lang='grc'>(207</span> <span class='ocrx_word' id='word_1_71' title='bbox 1098 1466 1199 1550; x_wconf 78' lang='lat' dir='ltr'>sqq),</span> <span class='ocrx_word' id='word_1_72' title='bbox 1225 1465 1333 1529; x_wconf 88' lang='lat' dir='ltr'>Iolaus</span> <span class='ocrx_word' id='word_1_73' title='bbox 1357 1464 1456 1549; x_wconf 84' lang='lat' dir='ltr'>longa</span> 
     </span>
     <span class='ocr_line' id='line_1_11' title="bbox 200 1567 1455 1657; baseline 0.002 -24"><span class='ocrx_word' id='word_1_74' title='bbox 200 1623 203 1627; x_wconf 89' lang='lat'>.</span> <span class='ocrx_word' id='word_1_75' title='bbox 262 1567 418 1635; x_wconf 89' lang='lat' dir='ltr'>oratione</span> <span class='ocrx_word' id='word_1_76' title='bbox 436 1570 685 1637; x_wconf 72' lang='lat' dir='ltr'>Atheniensium</span> <span class='ocrx_word' id='word_1_77' title='bbox 711 1571 861 1637; x_wconf 81' lang='lat' dir='ltr'>virtutem</span> <span class='ocrx_word' id='word_1_78' title='bbox 886 1572 1019 1656; x_wconf 84' lang='lat' dir='ltr'>exponit</span> <span class='ocrx_word' id='word_1_79' title='bbox 1042 1571 1216 1649; x_wconf 87' lang='lat' dir='ltr'>(Heraclid.</span> <span class='ocrx_word' id='word_1_80' title='bbox 1244 1572 1455 1657; x_wconf 82' lang='lat'>181-201);</span> 
     </span>
     <span class='ocr_line' id='line_1_12' title="bbox 261 1675 1502 1768; baseline -0.002 -29"><span class='ocrx_word' id='word_1_81' title='bbox 261 1675 321 1740; x_wconf 91' lang='lat' dir='ltr'>Ion</span> <span class='ocrx_word' id='word_1_82' title='bbox 353 1676 502 1768; x_wconf 85' lang='lat' dir='ltr'>Oreusam</span> <span class='ocrx_word' id='word_1_83' title='bbox 535 1680 660 1743; x_wconf 88' lang='lat' dir='ltr'>beatam</span> <span class='ocrx_word' id='word_1_84' title='bbox 691 1678 854 1762; x_wconf 86' lang='lat' dir='ltr'>praedicat</span> <span class='ocrx_word' id='word_1_85' title='bbox 878 1681 962 1763; x_wconf 91' lang='lat' dir='ltr'>quod</span> <span class='ocrx_word' id='word_1_86' title='bbox 986 1678 1021 1742; x_wconf 93' lang='lat' dir='ltr'>in</span> <span class='ocrx_word' id='word_1_87' title='bbox 1045 1678 1102 1742; x_wconf 90' lang='lat' dir='ltr'>tali</span> <span class='ocrx_word' id='word_1_88' title='bbox 1125 1677 1203 1741; x_wconf 91' lang='lat' dir='ltr'>urbe</span> <span class='ocrx_word' id='word_1_89' title='bbox 1226 1677 1351 1742; x_wconf 85' lang='lat' dir='ltr'>habitet</span> <span class='ocrx_word' id='word_1_90' title='bbox 1374 1678 1454 1763; x_wconf 89' lang='grc'>(262</span> <span class='ocrx_word' id='word_1_91' title='bbox 1498 1730 1502 1737; x_wconf 94' lang='grc'>.</span> 
     </span>
     <span class='ocr_line' id='line_1_13' title="bbox 262 1770 1453 1869; baseline 0.004 -23"><span class='ocrx_word' id='word_1_92' title='bbox 262 1777 341 1867; x_wconf 83' lang='lat' dir='ltr'>sq.);</span> <span class='ocrx_word' id='word_1_93' title='bbox 362 1784 477 1850; x_wconf 86' lang='lat' dir='ltr'>chorus</span> <span class='ocrx_word' id='word_1_94' title='bbox 499 1784 534 1849; x_wconf 93' lang='lat' dir='ltr'>in</span> <span class='ocrx_word' id='word_1_95' title='bbox 558 1770 670 1850; x_wconf 87' lang='lat' dir='ltr'>Medea</span> <span class='ocrx_word' id='word_1_96' title='bbox 693 1784 897 1851; x_wconf 84' lang='lat' dir='ltr'>Athenarum</span> <span class='ocrx_word' id='word_1_97' title='bbox 920 1785 1029 1849; x_wconf 87' lang='lat' dir='ltr'>laudes</span> <span class='ocrx_word' id='word_1_98' title='bbox 1053 1784 1139 1848; x_wconf 76' lang='lat' dir='ltr'>canit</span> <span class='ocrx_word' id='word_1_99' title='bbox 1161 1786 1204 1868; x_wconf 84' lang='lat' dir='ltr'>(v.</span> <span class='ocrx_word' id='word_1_100' title='bbox 1232 1784 1297 1848; x_wconf 83' lang='lat'>324</span> <span class='ocrx_word' id='word_1_101' title='bbox 1317 1784 1402 1869; x_wconf 87' lang='lat' dir='ltr'>sqq.)</span> <span class='ocrx_word' id='word_1_102' title='bbox 1416 1782 1453 1868; x_wconf 65' lang='grc' dir='ltr'>ς).</span> 
     </span>
     <span class='ocr_line' id='line_1_14' title="bbox 260 1877 1455 1974; baseline 0 -19"><span class='ocrx_word' id='word_1_103' title='bbox 260 1888 262 1893; x_wconf 71' lang='grc'><strong>’</strong></span> <span class='ocrx_word' id='word_1_104' title='bbox 301 1877 454 1956; x_wconf 69' lang='grc' dir='ltr'>Ὁοιιοθᾶο</span> <span class='ocrx_word' id='word_1_105' title='bbox 486 1896 557 1956; x_wconf 88' lang='lat' dir='ltr'>eum</span> <span class='ocrx_word' id='word_1_106' title='bbox 588 1892 697 1957; x_wconf 89' lang='lat' dir='ltr'>laudes</span> <span class='ocrx_word' id='word_1_107' title='bbox 724 1892 796 1957; x_wconf 89' lang='lat' dir='ltr'>illas</span> <span class='ocrx_word' id='word_1_108' title='bbox 820 1893 906 1957; x_wconf 91' lang='lat' dir='ltr'>haud</span> <span class='ocrx_word' id='word_1_109' title='bbox 929 1892 1025 1957; x_wconf 90' lang='lat' dir='ltr'>dubie</span> <span class='ocrx_word' id='word_1_110' title='bbox 1048 1914 1112 1957; x_wconf 93' lang='lat' dir='ltr'>non</span> <span class='ocrx_word' id='word_1_111' title='bbox 1139 1891 1242 1955; x_wconf 85' lang='lat' dir='ltr'>solum</span> <span class='ocrx_word' id='word_1_112' title='bbox 1266 1891 1308 1954; x_wconf 95' lang='lat' dir='ltr'>ob</span> <span class='ocrx_word' id='word_1_113' title='bbox 1332 1890 1455 1974; x_wconf 87' lang='lat' dir='ltr'>patriae</span> 
     </span>
     <span class='ocr_line' id='line_1_15' title="bbox 261 1981 1454 2082; baseline -0.001 -22"><span class='ocrx_word' id='word_1_114' title='bbox 261 1981 401 2062; x_wconf 81' lang='lat' dir='ltr'>amorem</span> <span class='ocrx_word' id='word_1_115' title='bbox 430 2001 498 2062; x_wconf 86' lang='lat' dir='ltr'>tam</span> <span class='ocrx_word' id='word_1_116' title='bbox 528 1998 667 2082; x_wconf 83' lang='lat' dir='ltr'>benigne</span> <span class='ocrx_word' id='word_1_117' title='bbox 699 1997 845 2063; x_wconf 81' lang='lat' dir='ltr'>effudisse</span> <span class='ocrx_word' id='word_1_118' title='bbox 876 1998 1050 2063; x_wconf 88' lang='lat' dir='ltr'>sedetiam</span> <span class='ocrx_word' id='word_1_119' title='bbox 1075 2001 1111 2061; x_wconf 88' lang='lat' dir='ltr'>ut</span> <span class='ocrx_word' id='word_1_120' title='bbox 1134 1996 1365 2081; x_wconf 86' lang='lat' dir='ltr'>spectatoribus</span> <span class='ocrx_word' id='word_1_121' title='bbox 1390 1996 1454 2060; x_wconf 87' lang='lat' dir='ltr'>suis</span> 
     </span>
     <span class='ocr_line' id='line_1_16' title="bbox 260 2100 1452 2189; baseline 0.002 -23"><span class='ocrx_word' id='word_1_122' title='bbox 260 2100 503 2188; x_wconf 74' lang='lat' dir='ltr'>‘gratificaretur</span> <span class='ocrx_word' id='word_1_123' title='bbox 541 2101 609 2179; x_wconf 83' lang='lat' dir='ltr'>Qua</span> <span class='ocrx_word' id='word_1_124' title='bbox 635 2104 668 2169; x_wconf 91' lang='lat' dir='ltr'>in</span> <span class='ocrx_word' id='word_1_125' title='bbox 700 2126 733 2169; x_wconf 90' lang='lat' dir='ltr'>re</span> <span class='ocrx_word' id='word_1_126' title='bbox 765 2104 879 2189; x_wconf 88' lang='lat' dir='ltr'>reliqui</span> <span class='ocrx_word' id='word_1_127' title='bbox 902 2104 1018 2189; x_wconf 80' lang='lat' dir='ltr'>tragici</span> <span class='ocrx_word' id='word_1_128' title='bbox 1041 2104 1251 2187; x_wconf 88' lang='lat' dir='ltr'>praeiverant.</span> <span class='ocrx_word' id='word_1_129' title='bbox 1276 2101 1452 2187; x_wconf 87' lang='lat' dir='ltr'>Aeschylus</span> 
     </span>
     <span class='ocr_line' id='line_1_17' title="bbox 263 2198 1455 2294; baseline 0 -21"><span class='ocrx_word' id='word_1_130' title='bbox 263 2208 431 2274; x_wconf 87' lang='lat' dir='ltr'>Persarum</span> <span class='ocrx_word' id='word_1_131' title='bbox 451 2209 561 2274; x_wconf 84' lang='lat' dir='ltr'>fabula</span> <span class='ocrx_word' id='word_1_132' title='bbox 581 2210 752 2275; x_wconf 83' lang='lat' dir='ltr'>celebravit</span> <span class='ocrx_word' id='word_1_133' title='bbox 773 2210 965 2275; x_wconf 85' lang='lat' dir='ltr'>Graecorum</span> <span class='ocrx_word' id='word_1_134' title='bbox 983 2213 1016 2274; x_wconf 90' lang='lat' dir='ltr'>et</span> <span class='ocrx_word' id='word_1_135' title='bbox 1033 2198 1190 2294; x_wconf 89' lang='lat' dir='ltr'>imprimis</span> <span class='ocrx_word' id='word_1_136' title='bbox 1209 2209 1455 2274; x_wconf 89' lang='lat' dir='ltr'>Atheniensium</span> 
     </span>
     <span class='ocr_line' id='line_1_18' title="bbox 261 2298 1453 2401; baseline 0 -22"><span class='ocrx_word' id='word_1_137' title='bbox 261 2298 445 2393; x_wconf 61' lang='lat' dir='ltr'>historiam,</span> <span class='ocrx_word' id='word_1_138' title='bbox 470 2338 604 2401; x_wconf 90' lang='lat' dir='ltr'>quorum</span> <span class='ocrx_word' id='word_1_139' title='bbox 628 2316 761 2381; x_wconf 85' lang='lat' dir='ltr'>uirtutes</span> <span class='ocrx_word' id='word_1_140' title='bbox 787 2317 901 2380; x_wconf 89' lang='lat' dir='ltr'>chorus</span> <span class='ocrx_word' id='word_1_141' title='bbox 921 2315 1055 2380; x_wconf 87' lang='lat' dir='ltr'>Atossae</span> <span class='ocrx_word' id='word_1_142' title='bbox 1075 2316 1207 2400; x_wconf 87' lang='lat' dir='ltr'>exponit</span> <span class='ocrx_word' id='word_1_143' title='bbox 1227 2316 1453 2400; x_wconf 80' lang='grc'>(236-245),</span> 
     </span>
     <span class='ocr_line' id='line_1_19' title="bbox 261 2422 1451 2509; baseline 0.001 -24"><span class='ocrx_word' id='word_1_144' title='bbox 261 2424 294 2485; x_wconf 92' lang='lat' dir='ltr'>et</span> <span class='ocrx_word' id='word_1_145' title='bbox 322 2444 378 2505; x_wconf 89' lang='lat' dir='ltr'>per</span> <span class='ocrx_word' id='word_1_146' title='bbox 410 2424 512 2486; x_wconf 85' lang='lat' dir='ltr'>totum</span> <span class='ocrx_word' id='word_1_147' title='bbox 546 2425 656 2486; x_wconf 86' lang='lat' dir='ltr'>drama</span> <span class='ocrx_word' id='word_1_148' title='bbox 688 2422 738 2487; x_wconf 86' lang='lat' dir='ltr'>vel</span> <span class='ocrx_word' id='word_1_149' title='bbox 764 2422 885 2486; x_wconf 87' lang='lat' dir='ltr'>invitus</span> <span class='ocrx_word' id='word_1_150' title='bbox 908 2422 1018 2486; x_wconf 90' lang='lat' dir='ltr'>laudat</span> <span class='ocrx_word' id='word_1_151' title='bbox 1042 2422 1255 2507; x_wconf 82' lang='grc'>(285-289,</span> <span class='ocrx_word' id='word_1_152' title='bbox 1281 2424 1344 2487; x_wconf 86' lang='grc'>347</span> <span class='ocrx_word' id='word_1_153' title='bbox 1370 2444 1451 2509; x_wconf 68' lang='lat' dir='ltr'>sqq„</span> 
     </span>
     <span class='ocr_line' id='line_1_20' title="bbox 264 2527 1454 2615; baseline 0.004 -25"><span class='ocrx_word' id='word_1_154' title='bbox 264 2527 371 2612; x_wconf 84' lang='lat'>1025).</span> <span class='ocrx_word' id='word_1_155' title='bbox 398 2527 436 2591; x_wconf 93' lang='lat' dir='ltr'>In</span> <span class='ocrx_word' id='word_1_156' title='bbox 460 2527 674 2611; x_wconf 81' lang='lat' dir='ltr'>Eumenidum</span> <span class='ocrx_word' id='word_1_157' title='bbox 698 2528 806 2592; x_wconf 86' lang='lat' dir='ltr'>fabula</span> <span class='ocrx_word' id='word_1_158' title='bbox 830 2528 956 2593; x_wconf 83' lang='lat' dir='ltr'>Orestes</span> <span class='ocrx_word' id='word_1_159' title='bbox 978 2528 1116 2593; x_wconf 90' lang='lat' dir='ltr'>Athenis</span> <span class='ocrx_word' id='word_1_160' title='bbox 1135 2532 1321 2614; x_wconf 88' lang='lat' dir='ltr'>perpetuam</span> <span class='ocrx_word' id='word_1_161' title='bbox 1343 2552 1454 2615; x_wconf 87' lang='lat' dir='ltr'>pacem</span> 
     </span>
     <span class='ocr_line' id='line_1_21' title="bbox 261 2622 1452 2720; baseline 0.003 -24"><span class='ocrx_word' id='word_1_162' title='bbox 261 2622 397 2717; x_wconf 87' lang='lat' dir='ltr'>exoptat</span> <span class='ocrx_word' id='word_1_163' title='bbox 412 2634 491 2718; x_wconf 88' lang='grc'>(162</span> <span class='ocrx_word' id='word_1_164' title='bbox 512 2637 607 2718; x_wconf 76' lang='lat' dir='ltr'>sqq).</span> <span class='ocrx_word' id='word_1_165' title='bbox 621 2633 794 2719; x_wconf 85' lang='lat' dir='ltr'>Sophocles</span> <span class='ocrx_word' id='word_1_166' title='bbox 808 2634 1051 2699; x_wconf 86' lang='lat' dir='ltr'>Atheniensium</span> <span class='ocrx_word' id='word_1_167' title='bbox 1065 2635 1216 2719; x_wconf 90' lang='lat' dir='ltr'>pietatem</span> <span class='ocrx_word' id='word_1_168' title='bbox 1228 2658 1285 2720; x_wconf 90' lang='lat' dir='ltr'>per</span> <span class='ocrx_word' id='word_1_169' title='bbox 1298 2634 1452 2720; x_wconf 89' lang='lat' dir='ltr'>Oedipum</span> 
     </span>
     <span class='ocr_line' id='line_1_22' title="bbox 259 2735 1202 2827; baseline 0.003 -24"><span class='ocrx_word' id='word_1_170' title='bbox 259 2735 434 2804; x_wconf 84' lang='lat' dir='ltr'>Coloneum</span> <span class='ocrx_word' id='word_1_171' title='bbox 457 2740 645 2818; x_wconf 84' lang='lat' dir='ltr'>celebravit,</span> <span class='ocrx_word' id='word_1_172' title='bbox 670 2763 763 2827; x_wconf 90' lang='lat' dir='ltr'>quem</span> <span class='ocrx_word' id='word_1_173' title='bbox 788 2742 865 2806; x_wconf 84' lang='lat' dir='ltr'>facit</span> <span class='ocrx_word' id='word_1_174' title='bbox 888 2742 1044 2807; x_wconf 88' lang='lat' dir='ltr'>dicentem</span> <span class='ocrx_word' id='word_1_175' title='bbox 1068 2741 1202 2827; x_wconf 84' lang='lat'>(1125):</span> 
     </span>
    </p>

    <p class='ocr_par' dir='ltr' id='par_1_4' title="bbox 770 2847 1111 2927">
     <span class='ocr_line' id='line_1_23' title="bbox 770 2847 1111 2927; baseline 0.003 -14"><span class='ocrx_word' id='word_1_176' title='bbox 770 2849 837 2915; x_wconf 74' lang='grc' dir='ltr'>ἐπεὶ</span> <span class='ocrx_word' id='word_1_177' title='bbox 862 2847 897 2914; x_wconf 79' lang='lat' dir='ltr'>ro&#39;</span> <span class='ocrx_word' id='word_1_178' title='bbox 923 2848 958 2927; x_wconf 72' lang='grc' dir='ltr'>γ’</span> <span class='ocrx_word' id='word_1_179' title='bbox 984 2850 1111 2927; x_wconf 77' lang='grc' dir='ltr'><em>εὐσεβὲς</em></span> 
     </span>
    </p>

    <p class='ocr_par' dir='ltr' id='par_1_5' title="bbox 511 2953 1186 3039">
     <span class='ocr_line' id='line_1_24' title="bbox 511 2953 1186 3039; baseline 0.003 -18"><span class='ocrx_word' id='word_1_180' title='bbox 511 2956 709 3037; x_wconf 72' lang='grc' dir='ltr'>μόνοις·παρ’</span> <span class='ocrx_word' id='word_1_181' title='bbox 735 2959 804 3035; x_wconf 79' lang='grc' dir='ltr'><em>ὑμῖν</em></span> <span class='ocrx_word' id='word_1_182' title='bbox 830 2954 914 3039; x_wconf 76' lang='grc' dir='ltr'><em>ηὗρον</em></span> <span class='ocrx_word' id='word_1_183' title='bbox 938 2953 1097 3037; x_wconf 59' lang='grc' dir='ltr'>ἀνθρώπων</span> <span class='ocrx_word' id='word_1_184' title='bbox 1125 2956 1186 3035; x_wconf 73' lang='grc' dir='ltr'>ἐγώ</span> 
     </span>
    </p>

    <p class='ocr_par' dir='ltr' id='par_1_6' title="bbox 174 3062 1450 4109">
     <span class='ocr_line' id='line_1_25' title="bbox 509 3062 1213 3144; baseline 0 -17"><span class='ocrx_word' id='word_1_185' title='bbox 509 3062 560 3127; x_wconf 78' lang='lat' dir='ltr'>aul</span> <span class='ocrx_word' id='word_1_186' title='bbox 585 3066 754 3136; x_wconf 76' lang='grc' dir='ltr'>τούπιεικὲς</span> <span class='ocrx_word' id='word_1_187' title='bbox 779 3063 831 3129; x_wconf 77' lang='lat' dir='ltr'>aul</span> <span class='ocrx_word' id='word_1_188' title='bbox 856 3065 891 3129; x_wconf 80' lang='grc' dir='ltr'>τὸ</span> <span class='ocrx_word' id='word_1_189' title='bbox 916 3065 960 3141; x_wconf 65' lang='lat' dir='ltr'>ut</span> <span class='ocrx_word' id='word_1_190' title='bbox 983 3065 1213 3144; x_wconf 78' lang='grc' dir='ltr'>ψευδοστομεῖν.</span> 
     </span>
     <span class='ocr_line' id='line_1_26' title="bbox 174 3167 1450 3266; baseline 0.001 -33"><span class='ocrx_word' id='word_1_191' title='bbox 174 3242 181 3266; x_wconf 79' lang='lat'><strong>.</strong></span> <span class='ocrx_word' id='word_1_192' title='bbox 255 3244 276 3252; x_wconf 20' lang='lat' dir='ltr'>,s</span> <span class='ocrx_word' id='word_1_193' title='bbox 304 3167 395 3234; x_wconf 89' lang='lat' dir='ltr'>Nihil</span> <span class='ocrx_word' id='word_1_194' title='bbox 419 3169 494 3233; x_wconf 84' lang='lat' dir='ltr'>novi</span> <span class='ocrx_word' id='word_1_195' title='bbox 518 3189 593 3254; x_wconf 87' lang='lat' dir='ltr'>ergo</span> <span class='ocrx_word' id='word_1_196' title='bbox 615 3170 795 3235; x_wconf 90' lang='lat' dir='ltr'>introduxit</span> <span class='ocrx_word' id='word_1_197' title='bbox 814 3174 940 3248; x_wconf 88' lang='lat' dir='ltr'>noster,</span> <span class='ocrx_word' id='word_1_198' title='bbox 962 3171 1015 3235; x_wconf 88' lang='lat' dir='ltr'>sed</span> <span class='ocrx_word' id='word_1_199' title='bbox 1036 3192 1103 3235; x_wconf 93' lang='lat' dir='ltr'>non</span> <span class='ocrx_word' id='word_1_200' title='bbox 1122 3173 1227 3254; x_wconf 88' lang='lat' dir='ltr'>potest</span> <span class='ocrx_word' id='word_1_201' title='bbox 1246 3171 1358 3254; x_wconf 86' lang='lat' dir='ltr'>negari</span> <span class='ocrx_word' id='word_1_202' title='bbox 1378 3192 1450 3234; x_wconf 92' lang='lat' dir='ltr'>eum</span> 
     </span>
     <span class='ocr_line' id='line_1_27' title="bbox 258 3274 1450 3360; baseline 0.001 -21"><span class='ocrx_word' id='word_1_203' title='bbox 258 3275 318 3339; x_wconf 89' lang='lat' dir='ltr'>hac</span> <span class='ocrx_word' id='word_1_204' title='bbox 341 3275 376 3339; x_wconf 96' lang='lat' dir='ltr'>in</span> <span class='ocrx_word' id='word_1_205' title='bbox 398 3296 432 3339; x_wconf 91' lang='lat' dir='ltr'>re</span> <span class='ocrx_word' id='word_1_206' title='bbox 455 3278 492 3339; x_wconf 93' lang='lat' dir='ltr'>ut</span> <span class='ocrx_word' id='word_1_207' title='bbox 514 3274 549 3339; x_wconf 92' lang='lat' dir='ltr'>in</span> <span class='ocrx_word' id='word_1_208' title='bbox 569 3274 638 3340; x_wconf 90' lang='lat' dir='ltr'>aliis</span> <span class='ocrx_word' id='word_1_209' title='bbox 659 3275 823 3341; x_wconf 90' lang='lat' dir='ltr'>nonnullis</span> <span class='ocrx_word' id='word_1_210' title='bbox 843 3278 972 3341; x_wconf 93' lang='lat' dir='ltr'>modum</span> <span class='ocrx_word' id='word_1_211' title='bbox 994 3277 1182 3353; x_wconf 84' lang='lat' dir='ltr'>excessisse,</span> <span class='ocrx_word' id='word_1_212' title='bbox 1203 3276 1254 3340; x_wconf 91' lang='lat' dir='ltr'>cui</span> <span class='ocrx_word' id='word_1_213' title='bbox 1274 3276 1450 3360; x_wconf 88' lang='lat' dir='ltr'>superiores</span> 
     </span>
     <span class='ocr_line' id='line_1_28' title="bbox 257 3381 1153 3467; baseline 0.002 -22"><span class='ocrx_word' id='word_1_214' title='bbox 257 3381 431 3467; x_wconf 89' lang='lat' dir='ltr'>prudenter</span> <span class='ocrx_word' id='word_1_215' title='bbox 455 3385 620 3465; x_wconf 85' lang='lat' dir='ltr'>parcentes</span> <span class='ocrx_word' id='word_1_216' title='bbox 643 3383 831 3466; x_wconf 84' lang='lat' dir='ltr'>profuerant</span> <span class='ocrx_word' id='word_1_217' title='bbox 853 3386 886 3447; x_wconf 89' lang='lat' dir='ltr'>et</span> <span class='ocrx_word' id='word_1_218' title='bbox 909 3383 1153 3448; x_wconf 81' lang='lat' dir='ltr'>delectaverunt.</span> 
     </span>
     <span class='ocr_line' id='line_1_29' title="bbox 255 3480 1449 3573; baseline -0.002 -20"><span class='ocrx_word' id='word_1_219' title='bbox 255 3480 260 3493; x_wconf 73' lang='grc'>’</span> <span class='ocrx_word' id='word_1_220' title='bbox 303 3487 478 3573; x_wconf 83' lang='lat' dir='ltr'>Spartiates</span> <span class='ocrx_word' id='word_1_221' title='bbox 499 3492 611 3552; x_wconf 89' lang='lat' dir='ltr'>contra</span> <span class='ocrx_word' id='word_1_222' title='bbox 633 3489 808 3553; x_wconf 87' lang='lat' dir='ltr'>detestatur</span> <span class='ocrx_word' id='word_1_223' title='bbox 828 3489 900 3553; x_wconf 93' lang='lat' dir='ltr'>odio</span> <span class='ocrx_word' id='word_1_224' title='bbox 920 3489 1068 3573; x_wconf 87' lang='lat' dir='ltr'>capitali;</span> <span class='ocrx_word' id='word_1_225' title='bbox 1081 3488 1264 3553; x_wconf 87' lang='lat' dir='ltr'>testimonio</span> <span class='ocrx_word' id='word_1_226' title='bbox 1279 3487 1449 3553; x_wconf 89' lang='lat' dir='ltr'>estMene-</span> 
     </span>
     <span class='ocr_line' id='line_1_30' title="bbox 256 3593 1446 3679; baseline 0.001 -21"><span class='ocrx_word' id='word_1_227' title='bbox 256 3594 343 3669; x_wconf 89' lang='lat' dir='ltr'>laus,</span> <span class='ocrx_word' id='word_1_228' title='bbox 374 3593 430 3678; x_wconf 90' lang='lat' dir='ltr'>qui</span> <span class='ocrx_word' id='word_1_229' title='bbox 454 3593 489 3658; x_wconf 91' lang='lat' dir='ltr'>in</span> <span class='ocrx_word' id='word_1_230' title='bbox 512 3593 678 3658; x_wconf 89' lang='lat' dir='ltr'>nonnullis</span> <span class='ocrx_word' id='word_1_231' title='bbox 699 3594 817 3659; x_wconf 86' lang='lat' dir='ltr'>fabulis</span> <span class='ocrx_word' id='word_1_232' title='bbox 841 3595 981 3659; x_wconf 88' lang='lat' dir='ltr'>moribus</span> <span class='ocrx_word' id='word_1_233' title='bbox 1005 3594 1226 3679; x_wconf 85' lang='lat' dir='ltr'>abjectissimis</span> <span class='ocrx_word' id='word_1_234' title='bbox 1250 3595 1446 3679; x_wconf 87' lang='lat' dir='ltr'>producitur.</span> 
     </span>
     <span class='ocr_line' id='line_1_31' title="bbox 255 3692 1448 3785; baseline 0 -21"><span class='ocrx_word' id='word_1_235' title='bbox 255 3692 481 3765; x_wconf 85' lang='lat' dir='ltr'>Andromache</span> <span class='ocrx_word' id='word_1_236' title='bbox 504 3703 537 3765; x_wconf 93' lang='lat' dir='ltr'>et</span> <span class='ocrx_word' id='word_1_237' title='bbox 559 3698 670 3765; x_wconf 90' lang='lat' dir='ltr'>Peleus</span> <span class='ocrx_word' id='word_1_238' title='bbox 696 3701 971 3767; x_wconf 84' lang='lat' dir='ltr'>vehementissime</span> <span class='ocrx_word' id='word_1_239' title='bbox 992 3701 1161 3785; x_wconf 88' lang='lat' dir='ltr'>increpant</span> <span class='ocrx_word' id='word_1_240' title='bbox 1181 3700 1448 3766; x_wconf 86' lang='lat' dir='ltr'>Lacedaemonio·</span> 
     </span>
     <span class='ocr_line' id='line_1_32' title="bbox 256 3805 1446 3893; baseline 0 -22"><span class='ocrx_word' id='word_1_241' title='bbox 256 3828 328 3871; x_wconf 90' lang='lat' dir='ltr'>rum</span> <span class='ocrx_word' id='word_1_242' title='bbox 359 3805 518 3872; x_wconf 87' lang='lat' dir='ltr'>fallaciam</span> <span class='ocrx_word' id='word_1_243' title='bbox 550 3810 583 3872; x_wconf 90' lang='lat' dir='ltr'>et</span> <span class='ocrx_word' id='word_1_244' title='bbox 612 3808 844 3892; x_wconf 88' lang='lat' dir='ltr'>impudicitiam</span> <span class='ocrx_word' id='word_1_245' title='bbox 870 3808 985 3893; x_wconf 90' lang='lat' dir='ltr'>(Andr.</span> <span class='ocrx_word' id='word_1_246' title='bbox 1011 3808 1209 3885; x_wconf 73' lang='lat' dir='ltr'>lla-453,</span> <span class='ocrx_word' id='word_1_247' title='bbox 1234 3808 1446 3893; x_wconf 81' lang='lat'>595-601);</span> 
     </span>
     <span class='ocr_line' id='line_1_33' title="bbox 258 3912 1447 4000; baseline 0.002 -23"><span class='ocrx_word' id='word_1_248' title='bbox 258 3912 353 3977; x_wconf 89' lang='lat' dir='ltr'>etiam</span> <span class='ocrx_word' id='word_1_249' title='bbox 374 3913 409 3977; x_wconf 91' lang='lat' dir='ltr'>in</span> <span class='ocrx_word' id='word_1_250' title='bbox 429 3912 631 3999; x_wconf 85' lang='lat' dir='ltr'>Supplicibus</span> <span class='ocrx_word' id='word_1_251' title='bbox 654 3914 790 3979; x_wconf 90' lang='lat' dir='ltr'>crudelis</span> <span class='ocrx_word' id='word_1_252' title='bbox 810 3919 843 3979; x_wconf 89' lang='lat' dir='ltr'>et</span> <span class='ocrx_word' id='word_1_253' title='bbox 862 3915 958 3981; x_wconf 85' lang='lat' dir='ltr'>fallax</span> <span class='ocrx_word' id='word_1_254' title='bbox 978 3915 1093 3979; x_wconf 89' lang='lat' dir='ltr'>dicitur</span> <span class='ocrx_word' id='word_1_255' title='bbox 1105 3913 1222 3999; x_wconf 82' lang='lat' dir='ltr'>Sparta</span> <span class='ocrx_word' id='word_1_256' title='bbox 1235 3916 1278 4000; x_wconf 76' lang='lat'>³),</span> <span class='ocrx_word' id='word_1_257' title='bbox 1292 3914 1447 3979; x_wconf 78' lang='lat' dir='ltr'>&#39;lhoades-</span> 
     </span>
     <span class='ocr_line' id='line_1_34' title="bbox 258 4019 1448 4109; baseline -0.001 -23"><span class='ocrx_word' id='word_1_258' title='bbox 258 4041 320 4105; x_wconf 89' lang='lat' dir='ltr'>que</span> <span class='ocrx_word' id='word_1_259' title='bbox 344 4021 488 4109; x_wconf 80' lang='lat' dir='ltr'>captivae</span> <span class='ocrx_word' id='word_1_260' title='bbox 510 4024 626 4107; x_wconf 88' lang='lat' dir='ltr'>optant</span> <span class='ocrx_word' id='word_1_261' title='bbox 650 4044 691 4087; x_wconf 94' lang='lat' dir='ltr'>ne</span> <span class='ocrx_word' id='word_1_262' title='bbox 715 4022 791 4088; x_wconf 89' lang='lat' dir='ltr'>illuc</span> <span class='ocrx_word' id='word_1_263' title='bbox 811 4022 1012 4087; x_wconf 85' lang='lat' dir='ltr'>abducantur</span> <span class='ocrx_word' id='word_1_264' title='bbox 1033 4021 1112 4107; x_wconf 90' lang='grc'>(211</span> <span class='ocrx_word' id='word_1_265' title='bbox 1139 4029 1230 4107; x_wconf 88' lang='lat' dir='ltr'>sqq.).</span> <span class='ocrx_word' id='word_1_266' title='bbox 1254 4019 1359 4085; x_wconf 80' lang='lat' dir='ltr'>Huius</span> <span class='ocrx_word' id='word_1_267' title='bbox 1382 4020 1448 4085; x_wconf 92' lang='lat' dir='ltr'>odii</span> 
     </span>
    </p>
   </div>
   <div class='ocr_carea' id='block_1_3' title="bbox 267 4172 460 4185">
    <p class='ocr_par' dir='ltr' id='par_1_7' title="bbox 267 4172 460 4185">
     <span class='ocr_line' id='line_1_35' title="bbox 267 4172 460 4185; baseline 0.01 -2"><span class='ocrx_word' id='word_1_268' title='bbox 267 4172 460 4185; x_wconf 49' lang='grc' dir='ltr'>*ι-</span> 
     </span>
    </p>
   </div>
   <div class='ocr_carea' id='block_1_4' title="bbox 255 4242 1446 4641">
    <p class='ocr_par' dir='ltr' id='par_1_8' title="bbox 255 4242 1446 4390">
     <span class='ocr_line' id='line_1_36' title="bbox 290 4242 1446 4310; baseline 0.001 -18"><span class='ocrx_word' id='word_1_269' title='bbox 290 4244 316 4301; x_wconf 69' lang='lat' dir='ltr'>lt</span> <span class='ocrx_word' id='word_1_270' title='bbox 339 4244 485 4293; x_wconf 77' lang='lat' dir='ltr'>Erechtheus</span> <span class='ocrx_word' id='word_1_271' title='bbox 506 4260 601 4310; x_wconf 88' lang='lat' dir='ltr'>quoque</span> <span class='ocrx_word' id='word_1_272' title='bbox 625 4244 704 4296; x_wconf 80' lang='lat' dir='ltr'>fabula</span> <span class='ocrx_word' id='word_1_273' title='bbox 726 4244 773 4296; x_wconf 84' lang='lat' dir='ltr'>fuit</span> <span class='ocrx_word' id='word_1_274' title='bbox 791 4244 879 4295; x_wconf 79' lang='lat' dir='ltr'>amoris</span> <span class='ocrx_word' id='word_1_275' title='bbox 896 4244 988 4310; x_wconf 82' lang='lat' dir='ltr'>patriae</span> <span class='ocrx_word' id='word_1_276' title='bbox 1005 4244 1089 4310; x_wconf 82' lang='lat' dir='ltr'>plena,</span> <span class='ocrx_word' id='word_1_277' title='bbox 1108 4244 1207 4309; x_wconf 88' lang='lat' dir='ltr'>ideoque</span> <span class='ocrx_word' id='word_1_278' title='bbox 1224 4245 1333 4309; x_wconf 79' lang='lat' dir='ltr'>Lycurgo</span> <span class='ocrx_word' id='word_1_279' title='bbox 1350 4242 1446 4293; x_wconf 77' lang='lat' dir='ltr'>laudata</span> 
     </span>
     <span class='ocr_line' id='line_1_37' title="bbox 255 4324 495 4390; baseline -0.004 -15"><span class='ocrx_word' id='word_1_280' title='bbox 255 4324 297 4389; x_wconf 80' lang='lat' dir='ltr'>(ef.</span> <span class='ocrx_word' id='word_1_281' title='bbox 315 4326 397 4377; x_wconf 75' lang='lat' dir='ltr'>Icocr.</span> <span class='ocrx_word' id='word_1_282' title='bbox 415 4329 426 4390; x_wconf 83' lang='lat'>§</span> <span class='ocrx_word' id='word_1_283' title='bbox 443 4325 495 4390; x_wconf 80' lang='grc'>98).</span> 
     </span>
    </p>

    <p class='ocr_par' dir='ltr' id='par_1_9' title="bbox 290 4409 945 4476">
     <span class='ocr_line' id='line_1_38' title="bbox 290 4409 945 4476; baseline 0 -16"><span class='ocrx_word' id='word_1_284' title='bbox 290 4410 318 4474; x_wconf 87' lang='grc'>2)</span> <span class='ocrx_word' id='word_1_285' title='bbox 336 4410 373 4461; x_wconf 84' lang='lat' dir='ltr'>Ol.</span> <span class='ocrx_word' id='word_1_286' title='bbox 390 4412 513 4475; x_wconf 84' lang='lat' dir='ltr'>praeterea</span> <span class='ocrx_word' id='word_1_287' title='bbox 529 4409 612 4475; x_wconf 87' lang='lat' dir='ltr'>Suppl.</span> <span class='ocrx_word' id='word_1_288' title='bbox 630 4411 679 4459; x_wconf 86' lang='grc'>118</span> <span class='ocrx_word' id='word_1_289' title='bbox 697 4426 755 4476; x_wconf 77' lang='lat' dir='ltr'>sqq,</span> <span class='ocrx_word' id='word_1_290' title='bbox 772 4411 810 4460; x_wconf 80' lang='lat' dir='ltr'>ul.</span> <span class='ocrx_word' id='word_1_291' title='bbox 829 4411 893 4461; x_wconf 80' lang='lat'>1319</span> <span class='ocrx_word' id='word_1_292' title='bbox 911 4426 945 4475; x_wconf 87' lang='lat' dir='ltr'>sq.</span> 
     </span>
    </p>

    <p class='ocr_par' dir='ltr' id='par_1_10' title="bbox 258 4490 1445 4641">
     <span class='ocr_line' id='line_1_39' title="bbox 289 4490 1445 4559; baseline -0.001 -16"><span class='ocrx_word' id='word_1_293' title='bbox 289 4493 317 4559; x_wconf 79' lang='grc' dir='ltr'>Β)</span> <span class='ocrx_word' id='word_1_294' title='bbox 337 4492 365 4543; x_wconf 86' lang='lat' dir='ltr'>V.</span> <span class='ocrx_word' id='word_1_295' title='bbox 389 4491 445 4544; x_wconf 82' lang='grc'>187.</span> <span class='ocrx_word' id='word_1_296' title='bbox 468 4492 581 4557; x_wconf 84' lang='lat' dir='ltr'>Suspicor</span> <span class='ocrx_word' id='word_1_297' title='bbox 602 4491 629 4542; x_wconf 90' lang='lat' dir='ltr'>in</span> <span class='ocrx_word' id='word_1_298' title='bbox 654 4493 789 4543; x_wconf 83' lang='lat' dir='ltr'>Heraclidis</span> <span class='ocrx_word' id='word_1_299' title='bbox 810 4509 913 4559; x_wconf 84' lang='lat' dir='ltr'>proavae</span> <span class='ocrx_word' id='word_1_300' title='bbox 936 4493 1064 4543; x_wconf 78' lang='lat' dir='ltr'>Alcmenae</span> <span class='ocrx_word' id='word_1_301' title='bbox 1082 4490 1189 4542; x_wconf 87' lang='lat' dir='ltr'>moritus</span> <span class='ocrx_word' id='word_1_302' title='bbox 1206 4492 1445 4543; x_wconf 73' lang='lat' dir='ltr'>lacedaemoniorum</span> 
     </span>
     <span class='ocr_line' id='line_1_40' title="bbox 258 4573 832 4641; baseline -0.002 -15"><span class='ocrx_word' id='word_1_303' title='bbox 258 4575 370 4626; x_wconf 82' lang='lat' dir='ltr'>ferociam</span> <span class='ocrx_word' id='word_1_304' title='bbox 387 4578 450 4626; x_wconf 84' lang='lat' dir='ltr'>terte</span> <span class='ocrx_word' id='word_1_305' title='bbox 465 4573 611 4641; x_wconf 80' lang='lat' dir='ltr'>vituperari,</span> <span class='ocrx_word' id='word_1_306' title='bbox 628 4574 658 4625; x_wconf 79' lang='lat' dir='ltr'>ot.</span> <span class='ocrx_word' id='word_1_307' title='bbox 676 4591 715 4641; x_wconf 76' lang='lat' dir='ltr'>pg.</span> <span class='ocrx_word' id='word_1_308' title='bbox 733 4576 765 4625; x_wconf 82' lang='lat' dir='ltr'>lu</span> <span class='ocrx_word' id='word_1_309' title='bbox 781 4579 832 4625; x_wconf 88' lang='lat' dir='ltr'>not.</span> 
     </span>
    </p>
   </div>
   <div class='ocr_carea' id='block_1_5' title="bbox 0 0 1630 5217">
    <p class='ocr_par' dir='ltr' id='par_1_11' title="bbox 0 0 1630 5217">
     <span class='ocr_line' id='line_1_41' title="bbox 0 0 1630 5217; baseline 0 3"><span class='ocrx_word' id='word_1_310' title='bbox 0 0 1630 5217; x_wconf 95' lang='lat' dir='ltr'> </span> 
     </span>
    </p>
   </div>
  </div>
 </body>
</html>
