3250 5217
798 414 861 479 201

234 596 419 684 popularem
440 596 532 661 solidi
551 597 725 682 quidquam
744 601 922 663 assecutam
936 620 1009 675 ¹esse
1027 598 1054 663 si
1072 596 1211 683 excipias
1231 597 1423 663 sententiam

234 704 272 769 de
301 703 500 768 initiatorum
529 704 711 769 conditione
743 704 870 783 futura,
900 726 1004 789 nequa
1038 702 1225 769 eruditiores
1260 703 1422 768 communi

234 831 390 876 consensu
413 810 452 874 ad
476 830 561 874 nova
584 809 764 876 inclinasse.
787 810 926 876 Restant
943 810 1118 875 sententiae
1137 807 1422 894 philosophorum

232 916 343 981 schola
354 914 575 1001 Pythagorea,
593 914 658 981 sive
675 914 853 1001 Aegyptios
864 915 930 982 sive
943 914 1093 1001 mysteria
1105 914 1244 1000 Orphica
1256 918 1364 980 secuta
1377 911 1423 1000 ¹),

235 1020 344 1087 docuit
366 1022 506 1086 animam
529 1042 546 1085 e
569 1022 636 1087 vita
656 1022 840 1088 sublimiore
859 1021 1020 1107 delapsam
1040 1042 1171 1106 corpore
1191 1020 1280 1086 velut
1299 1041 1423 1086 carcere

234 1127 389 1192 inclusam
414 1118 497 1205 csse,
520 1128 605 1192 unde
628 1130 730 1193 morte
753 1129 884 1193 evolans
905 1127 940 1192 in
960 1148 1093 1212 corpora
1112 1126 1304 1192 animalium*
1317 1129 1423 1192 trans-

235 1238 300 1313 eat;
333 1236 418 1318 quod
449 1236 566 1319 dogma
597 1232 637 1299 ab
661 1233 854 1319 Elmpedoole
876 1237 1038 1319 receptum
1061 1256 1081 1298 a
1103 1233 1239 1299 Platone
1261 1234 1422 1300 excultum

234 1342 267 1405 et
289 1342 417 1405 auctum
442 1343 507 1416 est,
531 1362 551 1404 a
573 1340 714 1407 Pindaro
732 1342 769 1406 in
792 1341 881 1427 poesi
904 1340 1120 1425 significatum
1144 1339 1276 1425 (Thren.
1302 1342 1344 1420 4).

281 1445 462 1511 Heraclitus
492 1468 559 1511 non
582 1447 710 1532 quidem
733 1447 983 1528 μετεμψύχωσιν
1007 1446 1133 1524 docuit,
1156 1449 1299 1512 attamen
1322 1446 1424 1528 hanc,

234 1574 329 1638 quam
352 1551 497 1618 homines
520 1552 618 1619 vitam
642 1558 758 1620 vocent
780 1553 888 1639 potius
908 1554 1032 1619 animae
1052 1555 1186 1618 mortem
1206 1574 1273 1617 esse
1292 1553 1423 1631 statuit,

234 1664 345 1725 contra
373 1680 469 1743 quam
494 1663 628 1725 mortem
651 1665 767 1727 vocent
789 1661 857 1725 eius
882 1660 990 1725 vitam.
1015 1659 1205 1745 Physiologi
1227 1658 1358 1743 quidam
1382 1661 1423 1724 ad

234 1765 317 1831 solas
340 1764 426 1850 leges
453 1765 602 1851 physicas
626 1770 760 1831 mortem
784 1766 988 1833 revocabant.
1013 1766 1189 1852 (Diogenes
1211 1764 1319 1850 Apoll.
1344 1763 1424 1851 Epi·

235 1870 382 1936 charmus
412 1872 636 1960 Democritus).
668 1874 814 1940 Socrates
845 1874 990 1940 universe
1017 1874 1200 1940 declarabat
1222 1895 1256 1938 se
1278 1874 1426 1958 ignorare
1547 1915 1550 1920 <

236 1998 316 2061 quae
336 1978 448 2043 mortis
466 1979 508 2043 sit
527 1978 609 2044 ratio
618 2000 626 2057 ;
648 1980 773 2045 videtur
790 1982 899 2045 tamen
918 1981 1075 2046 censuisse
1086 1980 1121 2045 in
1133 1983 1235 2045 morte
1245 1979 1314 2044 fieri
1326 1978 1426 2043 animi

235 2086 267 2149 et
289 2086 430 2169 corporis
453 2084 730 2172 separationem2).

757 2350 930 2363 --——-

607 2662 609 2667 ,
694 2583 882 2667 CAPUT
903 2584 963 2670 ΙΙ.

622 2814 808 2865 OPINIONES
834 2815 1025 2867 EURIPIDIS.

279 2983 332 3049 Ad
352 2983 537 3070 Euripidem
556 2988 687 3050 ventum
709 2990 765 3051 est.
787 2984 921 3052 Silentio
932 2990 1131 3050 transeamus
1142 2985 1229 3049 locos
1241 3004 1425 3049 communes

235 3090 273 3153 de
304 3090 415 3154 mortis
446 3093 561 3156 natura
591 3092 798 3170 inexorabili,
822 3095 923 3176 deque
947 3092 1014 3156 eius
1036 3090 1158 3157 invicta
1180 3090 1367 3155 necessitate
1378 3091 1423 3175 ⁸),

234 3198 271 3260 ut
302 3197 409 3260 statim
438 3197 599 3262 videamus
630 3199 707 3283 quid
737 3198 766 3262 ei
798 3198 837 3263 de
868 3198 980 3262 mortis
1012 3197 1135 3261 ratione
1165 3196 1267 3260 visum
1297 3195 1348 3260 sit.
1385 3195 1425 3259 In

234 3324 338 3378 rerum
362 3303 573 3387 explicatione
592 3296 779 3389 plerumque
800 3304 948 3389 vulgares
967 3303 1155 3368 traditiones
1174 3302 1235 3367 sibi
1255 3302 1426 3386 assumpsit

235 3412 267 3473 et
301 3408 397 3472 etiam
429 3408 653 3492 amplificavit,
685 3412 771 3494 quod
795 3411 880 3475 idem
903 3411 937 3474 in
962 3410 1028 3475 eins
1049 3401 1254 3493 opinionibus
1274 3408 1426 3473 derebus

234 3515 351 3579 divinis
385 3514 631 3582 observavimus.
674 3516 810 3581 Alcestis
843 3516 998 3581 Charonis
1029 3516 1205 3580 ministerio
1237 3518 1277 3579 ad
1307 3514 1426 3579 inferos

234 3622 383 3697 ducetur;
407 3620 588 3699 Phanotes,
613 3624 702 3688 cuius
726 3646 895 3707 personam
921 3644 940 3686 a
964 3622 1149 3706 Phrynicho
1172 3623 1336 3686 mutuatus
1361 3643 1427 3686 esse

234 3728 358 3793 videtur
379 3728 454 3812 (vid.
476 3727 562 3793 Serv.
584 3730 623 3793 ad
646 3728 738 3814 Virg.
757 3730 840 3794 Aen.
862 3728 921 3795 IV.
942 3730 1008 3793 694
1027 3733 1059 3793 et
1077 3727 1192 3793 Nauck
1212 3727 1267 3793 Gr.
1288 3726 1372 3811 trag.
1385 3726 1426 3791 tr.

234 3854 287 3919 pg.
321 3832 419 3913 558),
443 3836 527 3920 apud
552 3835 730 3921 sepulcrum
754 3858 824 3901 eam
848 3839 1010 3921 exspectat
1032 3839 1069 3899 ut
1090 3834 1249 3918 corripiat.
1274 3833 1425 3898 Hecubae

234 3940 404 4005 dormienti
424 3946 580 4026 apparent
601 3942 752 4026 Polydori
773 3964 900 4018 manes3
924 3942 1045 4007 Helena
1058 3944 1091 4005 et
1102 3940 1265 4006 Menelaus
1278 3963 1297 4004 a
1309 3941 1425 4005 Proteo

233 4048 358 4112 mortuo
379 4047 533 4113 auxilium
554 4053 684 4133 petunt,
705 4052 736 4113 ot
757 4049 796 4113 ab
818 4050 887 4134 ipso
904 4048 1060 4126 Plutone,
1073 4052 1238 4133 tamqnam
1250 4047 1425 4132 praemium

235 4214 428 4223 -—.-————-

268 4315 294 4375 1)
311 4312 366 4365 vid.
384 4316 475 4365 Herod.
494 4316 534 4364 ΙΙ.
551 4332 570 4366 c.
591 4316 654 4373 123.
673 4315 736 4366 Plat.
755 4317 822 4366 Orat.
839 4332 878 4382 pg.
896 4317 947 4365 400
964 4316 995 4366 B.
1011 4332 1046 4380 sq.

268 4395 293 4457 2)
308 4396 372 4446 Plat.
392 4396 460 4462 Apol.
478 4412 517 4462 pg.
536 4396 569 4445 29
585 4394 613 4456 A',
633 4398 706 4461 Gorg.
725 4414 763 4462 pg.
783 4397 832 4447 524
854 4399 889 4457 B,
906 4397 997 4447 Phacd.
1014 4414 1052 4463 pg.
1072 4397 1143 4449 640.

266 4478 294 4542 8)
311 4478 361 4527 Alc.
381 4478 421 4536 61,
441 4478 501 4536 112,
519 4477 567 4527 uuo
585 4494 644 4543 sqq„
662 4480 821 4532 Andromach.
838 4479 902 4532 1271
916 4495 960 4543 aq„
975 4479 1042 4530 Alex.
1049 4479 1079 4529 fr.
1089 4480 1205 4543 47,Acg.
1213 4479 1246 4531 ir.
1255 4481 1295 4539 10,
1304 4480 1425 4529 Temenid.

232 4559 262 4609 fr.
281 4559 337 4613 718.
357 4560 447 4609 Mortis
465 4560 547 4609 laudes
563 4564 587 4609 et
605 4560 792 4626 vituperationes
809 4578 882 4628 supra
899 4561 985 4627 collegi
1002 4579 1041 4628 pg.
1062 4564 1118 4612 1³4.
