3250 5217
743 425 806 490 187

175 610 280 688 dedit,
313 648 354 660 -
383 610 442 675 ‘sod
467 630 534 674 non
559 608 664 673 minus
687 606 806 674 malum
830 605 870 671 iis
893 606 949 691 qui
971 604 1123 670 caelibem
1146 603 1246 669 vitam
1270 622 1365 687 agere

175 718 355 783 sustineant
369 716 406 803 ¹).
430 714 511 792 Quia
532 716 632 799 igitur
655 713 715 781 viri
739 734 814 779 sexu
838 711 986 777 muliebri
1008 732 1114 777 carere
1133 731 1200 775 non
1222 708 1365 794 possint,

174 825 293 889 multae
334 824 482 888 nationes
526 820 663 888 Graecae
697 820 781 885 hano
815 819 1016 905 potissimum
1051 816 1135 882 viam
1170 815 1364 901 sequendam

175 931 335 995 duxerunt
370 932 407 995 ut
436 950 488 994 eas
518 951 615 1014 quam
647 928 785 993 maxime
815 927 1039 1003 observarent,
1068 945 1164 1009 quam
1187 922 1365 988 arctissima

174 1036 318 1102 custodia
348 1036 600 1114 circumdarent,
630 1056 727 1120 quam
756 1033 889 1099 minime
912 1031 1076 1097 erudirent
1099 1051 1139 1094 ne
1161 1028 1309 1094 libertate
1332 1031 1365 1093 et

175 1142 251 1208 mali
284 1143 469 1228 cognitione
504 1146 670 1226 corruptae
705 1139 925 1225 voluptatibus
959 1137 1080 1204 illicitis
1114 1135 1247 1221 aliisquo
1278 1134 1364 1199 vitiis

174 1250 388 1332 indulgerent.
419 1246 495 1315 Non
527 1270 578 1313 me
609 1251 702 1314 teneo
733 1247 811 1333 quin
839 1268 878 1311 ex
902 1243 1113 1311 Oeconomico
1136 1241 1364 1327 Xenophontis

173 1355 393 1421 testimonium
424 1353 538 1433 citam,
568 1355 653 1440 quod
685 1354 795 1440 paucis
818 1352 923 1419 verbis
946 1351 1120 1436 conjugum
1143 1348 1363 1416 condicionem

173 1462 300 1547 egregie
323 1464 417 1527 notat
436 1460 508 1547 (HI.
532 1462 605 1548 12):
626 1460 720 1527 Ἔστι
741 1461 773 1526 δὲ
794 1455 852 1540 ὅτῳ
872 1457 1028 1532 ἔλαττδνα
1049 1456 1189 1537 διαλέγει
1211 1456 1228 1531 ἢ
1248 1464 1287 1537 τῇ
1307 1479 1366 1532 yv-

175 1561 274 1647 varst,
299 1606 339 1619 ·-
357 1570 395 1633 Et
416 1568 448 1633 δὲ
468 1572 530 1647 μὴ,
552 1570 793 1646 strennuitas,
807 1566 880 1645 ἔφη.
895 1604 936 1615 -
946 1564 1099 1644 Ἕγιιμας
1114 1564 1145 1631 δὲ
1156 1564 1253 1639 αὐτὴν
1266 1561 1367 1628 ratde

113 1733 115 1739 .
175 1674 244 1742 νέαι
263 1675 428 1754 μάλιστα,
449 1675 500 1740 καὶ
520 1678 558 1748 ὥς
579 1674 706 1740 ἐδύνατο
726 1674 887 1754 ἐλάχιστα
907 1673 1066 1754 &operatae
1083 1671 1136 1736 καὶ
1152 1672 1320 1745 desaevias
1329 1666 1366 1757 ²).

175 1782 292 1849 Sexum
322 1782 423 1868 igitur
453 1782 643 1859 femineum,
673 1782 722 1847 cui
747 1804 806 1847 nos
829 1782 864 1845 in
887 1780 970 1845 ritae
993 1778 1172 1845 communis
1194 1779 1365 1843 consuetu-

175 1890 249 1955 dine
280 1911 404 1973 semper
434 1888 505 1953 loco
532 1888 692 1967 cedimus,
716 1910 810 1973 quem
833 1886 1023 1952 verecundia
1044 1883 1197 1962 colimus,
1220 1903 1279 1968 pro
1300 1903 1364 1967 quo

174 2000 285 2062 nostra
314 1996 457 2080 ipsorum
486 1996 591 2060 studia
619 1995 789 2080 reprimere
813 2015 981 2071 conamur,
1006 1990 1119 2057 Gracci
1142 1990 1177 2054 in
1201 2011 1364 2055 servorum

175 2101 240 2167 fere
264 2103 384 2167 statum
407 2104 571 2167 detrusum
595 2101 758 2166 habebant
773 2098 809 2185 3).
976 2085 980 2092 ’

220 2208 280 2273 Vix
300 2211 406 2273 autem
427 2229 507 2293 opus
526 2210 576 2273 est
595 2208 698 2274 dicere
719 2207 777 2272 has
797 2209 951 2293 perpetua
969 2206 1025 2271 illa
1042 2202 1301 2290 gravissimarum
1312 2222 1364 2265 re·

175 2337 246 2379 rum
276 2314 480 2399 ignoratione
512 2319 544 2379 et
574 2314 717 2379 custodia
746 2314 836 2399 quasi
864 2313 998 2379 carceris
1020 2312 1151 2377 tandem
1175 2310 1276 2375 factas
1299 2330 1366 2374 esse

175 2442 277 2507 genus
301 2424 367 2485 tam
390 2421 534 2507 ineptum
560 2422 593 2485 et
615 2421 749 2485 stultum
773 2424 808 2485 ut
829 2421 1031 2506 aliquatenus
1051 2420 1124 2505 jure
1146 2440 1167 2482 a
1189 2418 1267 2483 viris
1289 2438 1367 2482 ocn-

175 2531 379 2593 temneretur.
400 2526 491 2602 Quod
510 2550 618 2592 rursus
639 2528 714 2592 viris
733 2528 810 2612 ipsis
822 2527 960 2591 maxime
973 2526 1117 2590 omnium
1131 2523 1240 2590 nocuit
1252 2545 1366 2608 eosque

175 2638 215 2700 ad
239 2655 333 2699 omne
356 2654 457 2717 genua
480 2634 699 2719 impudicitiae
725 2635 856 2719 impulit
867 2634 906 2717 ⁴).

220 2739 305 2805 Illud
336 2740 445 2805 odium
473 2743 507 2805 et
536 2741 732 2825 contemptio
756 2741 791 2805 in
815 2740 915 2805 literis
938 2760 1065 2825 quoque
1088 2738 1210 2804 elucere
1233 2736 1366 2816 debuit,

174 2868 276 2931 neque
305 2846 405 2931 igitur
427 2848 528 2912 ullum
552 2847 618 2912 fere
641 2848 787 2913 invenias
811 2847 998 2932 scriptorem
1023 2845 1179 2911 Graccum
1202 2844 1281 2930 quin
1303 2844 1363 2908 ali-

176 3000 370 3011 .......-—--

210 3084 237 3150 1)
254 3084 290 3134 Ol.
313 3082 391 3133 Schol.
415 3082 512 3147 Dionys.
536 3083 620 3133 Thrac.
643 3100 682 3149 pg.
707 3082 755 3135 748
778 3087 803 3133 ct
824 3084 921 3133 Metelli
944 3081 1067 3133 Numidici
1091 3082 1225 3131 orationem
1247 3096 1285 3146 ap.
1310 3080 1365 3129 Gel·

175 3168 235 3219 lium
253 3168 274 3218 1.
293 3169 316 3217 6.
337 3210 338 3213 ,

209 3252 234 3312 2)
251 3251 288 3304 (ll.
306 3251 368 3316 apud
385 3249 449 3299 Stob.
468 3250 507 3308 74,
527 3250 558 3299 11
576 3250 621 3299 hoc
637 3250 781 3300 Menandri:

675 3330 751 3395 πέρας
767 3332 817 3395 γαρ
833 3329 933 3389 αὔλειος
949 3329 1007 3393 θύρα

525 3411 642 3481 ἐλευθέρᾳ
658 3413 758 3477 γυναικὶ
775 3414 901 3475 νενόμιττ’
918 3412 1004 3472 οἰκίας.

158 3549 160 3553 ,
175 3497 235 3548 Ibid.
252 3498 284 3547 33
299 3498 441 3564 Hyperidis:
456 3499 502 3546 Δεῖ
514 3496 559 3554 τὴν
576 3493 605 3545 ἐκ
619 3498 666 3555 τῆς
680 3496 759 3554 οἰκίας
772 3493 961 3558 ἐκτορεαομέιην
976 3492 1001 3545 ἓν
1015 3494 1122 3559 τοιαύτῃ
1136 3493 1297 3545 καταστάσει
1307 3489 1369 3543 εἶναι

175 3581 222 3637 τῆς
230 3577 341 3638 ἡλικίας,
351 3578 417 3628 ὥστε
426 3579 487 3636 τοὺς
495 3578 662 3635 ἀπαντῶντας
670 3576 846 3635 πυνθάνεσθαι,
856 3577 890 3639 μὴ
900 3576 967 3635 τίνος
980 3574 1037 3626 ἐστὶ
1046 3576 1118 3640 γυνὴ,
1126 3576 1196 3626 ἄλλα
1204 3576 1271 3633 τίνος
1280 3572 1369 3639 μήτηρ.

209 3663 237 3729 3)
255 3664 311 3713 Nou
330 3664 356 3713 in
382 3661 491 3712 omnibus
517 3677 572 3711 sane
594 3661 731 3710 civitatibus
749 3661 847 3711 Graecis
863 3661 965 3711 laminae
983 3661 1064 3709 eodem
1081 3660 1152 3709 modo
1168 3657 1370 3709 custodiebantur.

175 3748 274 3809 Spartae
298 3746 375 3795 multo
400 3744 490 3795 maiore
513 3742 653 3793 fruebantur
676 3744 787 3793 libertate
810 3747 834 3793 ct
856 3743 930 3792 ctiam
952 3744 1042 3793 maiore
1064 3759 1122 3792 cura
1139 3741 1306 3793 educabantur.
1324 3741 1370 3789 Sed

174 3830 296 3893 Lycurgus
321 3827 356 3878 nil
381 3827 427 3877 uisi
454 3826 560 3876 virorum
587 3826 758 3892 praestantiam
784 3829 944 3890 spectaverat;
971 3826 1072 3875 feminas
1097 3826 1173 3891 igitur
1195 3841 1243 3875 non
1263 3825 1370 3890 ipserum

173 3926 243 3960 causa
260 3910 355 3959 educari
371 3909 461 3969 voluit,
479 3909 519 3957 sed
537 3912 564 3958 ut
581 3908 642 3957 filios
660 3908 769 3958 robustos
786 3913 809 3957 et
824 3909 898 3958 lcrtes
913 3911 1071 3973 procrearent.
1092 3908 1178 3973 ltaque
1191 3907 1371 3957 exercitationes

173 4007 297 4057 corporeas
314 3991 466 4057 praescripsit
483 3990 666 4055 libertatemque
682 3990 713 4039 iis
731 3991 818 4041 tribuit
836 3991 915 4040 solum
933 3994 961 4039 ut
979 3990 1110 4056 intrepidae
1128 3991 1249 4041 redderetz
1268 3989 1370 4038 virtutes

172 4089 228 4124 vere
241 4072 368 4124 muliebres
382 4073 517 4139 Spartiatae
532 4072 594 4122 nihil
609 4072 731 4123 curabant.
748 4074 794 4123 Sed
808 4076 890 4123 tamm
905 4072 948 4122 illa
963 4072 1102 4122 educatione
1111 4071 1213 4121 laminae
1221 4071 1370 4137 Spartiatae,

176 4156 196 4205 ei
212 4172 260 4205 non
276 4156 421 4206 verecundae
439 4160 516 4205 castae
534 4153 660 4216 amabiles,
674 4160 755 4206 tamen
772 4170 872 4221 corpore
890 4155 1033 4220 ingenioque
1050 4154 1235 4220 praestantiores
1248 4157 1370 4204 evaserant
1442 4184 1448 4193 ·

209 4255 223 4288 a
343 4254 378 4288 aa.

176 4238 400 4386 qutliltidhiibrgk.
425 4319 508 4371 Gesoh.
531 4320 554 4370 d.
578 4320 620 4369 Gr.
645 4320 692 4370 Iit.
717 4321 752 4370 11.
770 4322 834 4371 tbi:
855 4319 933 4369 ‚Ahar
950 4319 1013 4369 dieue
1030 4320 1140 4370 Attiscbs
1156 4319 1313 4371 Gerellschatt
1329 4320 1372 4371 hat

176 4402 243 4453 einen
265 4403 481 4467 cigenthdmlicben
505 4402 650 4461 Charakter;
677 4418 701 4451 es
717 4402 796 4451 tchlen
813 4402 852 4452 die
868 4403 975 4462 Frauen,
994 4403 1032 4452 die
1049 4404 1095 4453 mit
1110 4404 1178 4453 ihrer
1193 4401 1371 4469 Emplhnglieh·

175 4485 239 4543 licit,
263 4485 308 4535 mit
329 4485 396 4534 ihrer
419 4484 526 4535 hamath
544 4485 593 4534 und
609 4483 781 4550 augebcrenem
798 4486 874 4536 Takte
891 4486 1023 4549 auregead,
1043 4486 1224 4550 ausgleichend,
1242 4484 1368 4535 veredelnd

176 4568 289 4619 wirten”.
381 4575 384 4581 '
