3250 5217
835 402 880 468 78

259 587 451 674 seutentias3
476 590 509 654 et
533 585 595 653 hec
619 587 743 654 ratione
764 585 886 653 factum
909 589 959 653 est
980 591 1017 653 ut
1040 587 1179 671 aliquam
1200 585 1342 653 habeant
1359 587 1450 653 sirni-

257 694 428 761 litudiuem
452 715 524 760 oum
547 693 694 760 omnibus
716 692 780 759 illis
804 692 992 771 eruditionis
1013 693 1171 760 subsidiis.

305 904 395 985 Quod
420 928 521 995 genus
540 907 788 994 philosophandi
810 910 849 973 ut
870 908 934 974 alio
956 911 1095 994 quodam
1117 910 1262 996 exemplo
1275 910 1450 990 illustrem,

258 1016 294 1080 in
326 1015 510 1082 memoriam
540 1017 656 1079 reduco
686 1013 933 1099 Epicharmum.
966 1018 1093 1100 poetam
1125 1014 1284 1094 Siculum,
1314 1017 1369 1102 qui
1391 1040 1451 1102 op-

258 1122 337 1188 time
365 1142 438 1186 oum
469 1120 621 1206 Euripide
651 1124 759 1205 potest
787 1121 981 1206 comparari,
1012 1121 1089 1187 licet
1117 1142 1185 1187 non
1215 1123 1371 1209 tragicam
1394 1124 1450 1189 sed

259 1227 411 1293 comicam
436 1226 561 1291 Musam
584 1226 726 1293 coluerit.
751 1227 875 1293 Pariter
896 1228 982 1293 enim
1005 1230 1102 1313 atque
1124 1227 1448 1316 Euripidesajuven-

259 1337 329 1399 tute
352 1332 571 1418 philosophiae
596 1332 760 1416 studebat,
781 1333 829 1397 ita
845 1336 952 1399 tamen
966 1336 1004 1398 ut
1014 1355 1137 1419 semper
1149 1335 1251 1420 magis
1262 1341 1344 1402 osset
1354 1340 1451 1421 poeta

261 1462 357 1525 qnam
374 1440 583 1525 philosophus
594 1487 601 1517 ‚
614 1461 716 1523 neque
729 1461 880 1525 nmquam
893 1443 1012 1506 certam
1024 1449 1207 1525 sequoretur
1220 1442 1399 1508 doctrinam
1412 1440 1449 1529 ¹).

261 1546 375 1612 Fertur
397 1546 493 1611 etiam
517 1546 552 1610 in
572 1545 749 1611 comoedias
769 1568 842 1611 suas
861 1545 979 1611 multas
997 1546 1167 1612 inseruisse
1185 1550 1359 1614 sententias
1379 1550 1451 1635 phi·

262 1652 457 1737 losophicas,
484 1690 525 1701 -
550 1673 684 1737 quarum
707 1652 794 1717 imon
813 1652 995 1737 fragmenta
1014 1658 1138 1718 serrata
1158 1655 1350 1720 documenta
1368 1677 1451 1721 uou-

262 1759 353 1825 nulla
372 1758 543 1836 habemus,
565 1795 606 1807 -
624 1780 704 1843 quae
715 1758 906 1843 posteriores
918 1759 958 1823 ad
970 1760 1095 1825 easdem
1108 1760 1245 1845 ineptias
1256 1762 1452 1826 induxerunt

264 1887 301 1932 ao
333 1866 509 1931 sententiae
540 1864 729 1951 Euripideae
742 1863 787 1952 ⁸)!
820 1866 917 1930 Illum
948 1887 1015 1931 non
1047 1866 1153 1932 minue
1176 1889 1273 1952 quam
1295 1868 1453 1953 uagitum

265 1975 409 2038 nostrum
443 1972 626 2057 philosophi
658 1972 807 2037 admirati
838 1965 971 2058 sunt³)‚
1002 1975 1036 2037 et
1064 1973 1190 2037 ridetur
1212 1973 1343 2038 omnino
1366 1974 1454 2039 velut

264 2078 434 2164 Euripides
447 2079 474 2166 ⁴)
498 2079 595 2145 fnisse
619 2081 714 2163 poeta
737 2078 843 2144 omnis
865 2078 1016 2144 scientiae
1039 2100 1137 2165 aeque
1156 2078 1367 2165 sudosa-⁶).

296 2336 324 2398 l)
342 2335 372 2385 V.
389 2334 468 2385 Zaller
483 2334 518 2384 11.
536 2350 574 2400 pg.
593 2334 625 2385 25
645 2334 725 2383 ,Allea
743 2347 1019 2398 auaamrneugenommen
1035 2333 1107 2384 selaeu
1124 2333 1169 2383 wir
1184 2333 1248 2383 wohl
1266 2334 1319 2383 dass
1336 2334 1452 2400 Epichar-

264 2432 317 2467 mus
335 2417 378 2466 der
394 2416 548 2482 Philosophia
564 2418 643 2465 seiner
658 2416 710 2467 zsit
727 2415 796 2465 nicht
810 2415 888 2465 fiemd
903 2412 979 2474 blieb,
993 2415 1101 2479 angleioh
1116 2415 1172 2465 abet
1186 2417 1246 2466 aueh
1261 2416 1314 2465 deas
1328 2432 1355 2465 er
1370 2416 1453 2467 keiner

263 2497 350 2548 Sohule
371 2498 558 2548 ausschliesslioh
581 2498 697 2563 auhieng,
721 2498 824 2548 sondern
842 2513 889 2547 von
906 2498 951 2546 den
969 2496 1117 2562 Meinnugen
1133 2497 1212 2548 asinar
1228 2497 1453 2564 philosophireuden

264 2580 428 2645 Zeitgeuosseu
449 2580 476 2631 in
498 2580 598 2631 treierer
622 2580 700 2629 Weise
717 2580 757 2629 fur
773 2580 824 2629 sich
840 2580 975 2629 reruandte
989 2595 1037 2629 aas
1053 2579 1106 2629 ihm
1123 2580 1263 2645 Beaohtnng
1280 2596 1310 2630 an
1326 2581 1454 2632 verdieueu

263 2659 370 2711 sohien.”
388 2662 425 2711 Ol.
442 2661 515 2711 etiem
532 2663 553 2712 L
572 2678 611 2727 pg.
629 2662 686 2711 too.
704 2662 846 2725 Bernhardy
863 2660 899 2711 ΙΙ.
917 2662 933 2711 2
951 2678 989 2727 pg.
1008 2661 1064 2711 sel.

298 2744 326 2810 Β)
344 2744 434 2793 Bernh.
451 2742 507 2793 ibid.
524 2760 563 2809 pg.
583 2745 630 2793 528
655 2744 764 2794 ‚Neuere
786 2743 897 2793 wthuten
913 2743 966 2792 dass
981 2758 1009 2793 er
1024 2743 1089 2793 aeine
1105 2745 1248 2795 Comoedien
1265 2760 1320 2795 rnna
1337 2744 1453 2795 Versteck

264 2828 308 2877 der
324 2826 528 2893 Pythagoriachen
547 2829 652 2890 Dogmeu
670 2824 779 2891 gemacht
795 2823 881 2875 hebe.”

299 2909 327 2975 3)
342 2907 399 2959 ibid.
425 2925 463 2974 pg.
487 2908 544 2958 ⁶24.
562 2908 640 2957 Zeller
657 2908 678 2957 1.
696 2923 734 2974 pg.
752 2907 802 2957 460
817 2924 854 2972 eq.
871 2909 961 2958 refutat
974 2908 1095 2958 Alcimum
1107 2908 1171 2974 apud
1186 2908 1255 2973 Diog.
1268 2911 1296 2960 11.
1311 2910 1362 2960 111.
1376 2913 1406 2969 9.
1420 2926 1456 2977 sq.

264 2991 445 3041 contendentem
463 2990 588 3040 Platonem
605 3006 715 3055 magum
731 2989 872 3055 disciplinae
890 2994 983 3056 partem
999 2990 1028 3040 ab
1046 2990 1189 3056 Epicharmo
1206 2992 1327 3058 recepisse.

298 3074 328 3138 4)
345 3072 452 3123 Observa
469 3088 584 3137 nusquam
602 3073 701 3122 fortasse
719 3073 808 3122 maiore
826 3072 905 3137 gratia
921 3089 992 3137 quam
1010 3073 1036 3122 iu
1052 3073 1169 3122 Sicilia
1183 3074 1323 3140 Euripidem
1336 3076 1457 3136 floruisse,

263 3156 330 3207 ouius
351 3171 434 3207 versus
453 3155 494 3220 qui
510 3155 598 3220 captivi
615 3155 771 3205 Athenienses
788 3155 827 3220 (in
843 3154 906 3203 ballo
923 3155 983 3220 Sic.)
1001 3155 1141 3205 memoriter
1157 3156 1282 3215 tenebant,
1300 3157 1412 3207 lernntur
1427 3156 1457 3208 ab

265 3239 373 3289 hostibus
389 3238 473 3289 riualis
490 3238 571 3287 emissi
588 3238 625 3287 rel
642 3237 762 3287 alimentis
778 3236 863 3286 reiecti
879 3252 928 3286 ease
944 3237 1020 3298 (Plut.
1038 3237 1101 3288 inv.
1120 3237 1173 3289 Nic.
1190 3255 1210 3288 c.
1227 3238 1281 3305 29).

302 3321 329 3386 5)
346 3321 392 3371 Ion
408 3335 502 3385 quoqne
520 3320 594 3369 Chim
610 3323 681 3386 poeta
697 3319 803 3384 tragicus
821 3318 986 3387 philosophiae
1003 3319 1103 3369 studuit.
