3250 5217
722 430 785 495 157

158 617 215 702 (vs.
243 615 344 701 1078)
379 612 431 677 νοιθ
455 614 598 690 μιινθύνω
623 614 679 690 μὲν
703 608 752 678 ola
781 613 853 693 δοῖεν
875 612 983 692 μέλλω
1011 613 1112 698 κοινοὶ,

314 793 317 797 ,
383 720 475 796 θυμὸς
500 720 530 785 δὲ
555 721 697 799 κρείσσων
719 722 777 785 σῶν
801 720 881 797 ἐμῶν
904 720 1139 798 βουλευμάτων.

158 829 207 893 εἰνὶ
242 828 273 892 δὲ
306 830 360 892 τοῦ
392 827 491 892 Λοιθοω
522 828 572 892 σθν
604 828 780 907 Χρύσιππον
810 825 999 908 οἱρσύζονσος
1031 826 1178 903 ἑσιθομθοι
1207 825 1349 905 λογισμῷ

158 936 343 1016 μαχομένη·
367 932 455 1011 λέγει
478 932 542 1013 γὰρ
564 931 676 1005 οὕτως·

382 1041 469 1117 clai,
493 1037 557 1103 τύδ’
582 1040 637 1115 ἤδη
662 1040 736 1104 θεῖον
760 1040 921 1119 ύνθούσοιο
946 1041 1058 1118 xcxiv,

386 1142 459 1211 ύσοιν
483 1169 530 1217 τις
553 1145 617 1226 εἰδῇ
642 1146 936 1227 σύμμθθν,,χρῆσοιι
960 1145 992 1210 δὲ
1013 1145 1069 1224 μη.
1093 1143 1183 1231 (chr.
1203 1142 1244 1211 ir.
1258 1130 1347 1230 8'38).

158 1254 266 1319 Antea
288 1251 373 1318 enim
397 1251 493 1317 Laius
516 1250 658 1317 dixerat:

340 1358 466 1433 λέληθεν
488 1357 571 1423 οὐδὲν
595 1355 686 1422 τῶνδέ
709 1357 745 1435 μ’
769 1352 808 1423 ὧν
832 1359 870 1424 σύ
894 1360 1060 1437 νουθετεῖς,

340 1465 465 1541 γνώμην
490 1463 517 1527 θ’
541 1461 655 1543 ἔχονσύ
679 1465 714 1540 μ’
732 1466 749 1537 ἡ
774 1463 868 1544 φύσις
892 1462 1051 1543 βιύζεσοιι.
1065 1462 1154 1547 (chr.
1167 1463 1206 1529 fr.
1221 1464 1300 1550 837)
1317 1465 1352 1549 ¹).

160 1571 181 1639 i.
194 1562 241 1637 a:
336 1570 439 1635 Video
463 1569 594 1634 meliora
616 1570 796 1655 proboque,
822 1570 978 1635 deteriora
1003 1592 1127 1655 sequor.

204 1676 254 1741 Ex
277 1677 400 1741 incerta
423 1676 587 1760 tragoedia
610 1698 629 1740 a
649 1676 744 1741 variis
763 1676 972 1760 scriptoribus
990 1677 1127 1743 refertur
1145 1677 1198 1743 hic
1209 1678 1352 1742 trimeter

160 1781 318 1867 jambicus
341 1782 392 1868 (fr.
418 1782 517 1867 olm:

376 1892 393 1964 ἡ
418 1890 511 1971 Φύσις
537 1887 695 1967 ἐβούλεθ’,
722 1885 740 1971 qi
762 1890 859 1967 νθμων
882 1889 964 1955 οὐδὲν
991 1890 1091 1965 μύλοι.

160 1996 215 2081 qui
238 1996 273 2061 in
297 1996 481 2061 memoriam
503 1996 626 2059 reducit
649 1994 888 2061 distinctionem
913 2000 1046 2061 naturae
1066 2000 1099 2061 et
1120 1995 1246 2081 legum,
1259 2019 1355 2082 quam

161 2102 352 2187 quibusdam
375 2095 589 2187 sophistarum
613 2101 768 2187 placuisse
791 2101 938 2167 vidimus.
975 2103 1085 2168 Potuit
1108 2104 1235 2189 quidem
1259 2102 1356 2167 llari·

161 2208 250 2292 pides
272 2208 415 2292 ipsorum
439 2206 607 2272 verborum
631 2207 806 2272 antithesin
832 2208 873 2272 ab
899 2208 1021 2293 Hippia
1045 2208 1095 2273 vel
1119 2209 1182 2273 alio
1205 2208 1355 2293 quopiam

163 2314 306 2399 sophista
329 2315 485 2390 mutuari,
510 2336 558 2379 ras
579 2318 687 2379 tamen
710 2314 780 2398 ipsa
798 2336 926 2399 quoque
945 2314 1038 2380 facile
1057 2337 1127 2380 eam
1146 2318 1259 2400 poetae
1280 2337 1356 2398 sup·

163 2421 304 2505 peditare
323 2422 440 2505 potuit.
461 2420 557 2485 Hand
577 2420 672 2486 dubie
684 2422 767 2486 enim
780 2421 949 2505 Euripides
961 2442 1055 2506 saepe
1066 2421 1247 2487 observavit
1258 2420 1354 2486 rehe-

164 2531 302 2592 mentem
320 2527 461 2611 aliquam
478 2527 580 2590 animi
599 2527 845 2593 commotionem
864 2528 950 2612 leges
969 2531 1202 2613 praeceptaque
1222 2526 1354 2591 moralia

164 2632 245 2697 nihil
257 2654 366 2697 curare
379 2655 481 2717 neque
491 2633 558 2697 ullo
570 2633 664 2697 modo
676 2633 715 2698 iis
728 2634 864 2698 coerceri
875 2631 981 2717 posse,
994 2634 1261 2717 quemadmodum
1275 2631 1354 2696 Dio·

164 2740 258 2804 dotus
274 2740 358 2824 apud
370 2739 586 2824 Thucydidem
600 2739 681 2825 (Ill,
696 2740 786 2822 45‚7)
801 2740 862 2803 ait:
876 2740 984 2810 οὶσλιῗις
998 2765 1033 2803 τε
1046 2740 1196 2805 ἀδύνατον
1211 2740 1263 2805 κού
1277 2726 1356 2805 σολ-

164 2854 219 2921 λης
233 2846 381 2928 εύηύεθοος,
396 2842 477 2917 ὅστις
491 2844 587 2910 clarae
601 2852 654 2917 τῆς
673 2846 861 2925 οὶνθρωσεθοις
874 2846 996 2925 φύσεως
1009 2847 1184 2924 ύρμωμένης
1197 2845 1356 2922 προθύμως

164 2977 193 3018 τι
225 2953 343 3033 σμῐιξοιι
368 2953 542 3033 ύσοσροσύν
567 2976 634 3018 σινοι
659 2952 742 3032 ἔχειν
768 2953 784 3027 θη
810 2952 906 3028 νθμων
930 2953 1016 3031 ἰσχύι
1042 2953 1058 3027 ἢ
1084 2950 1172 3032 ύλλῳ
1196 2976 1236 3033 σω
1262 2951 1358 3031 δεινῷ.

208 3057 298 3134 Quod
322 3062 449 3123 tantum
473 3063 606 3123 naturae
628 3058 759 3134 tribuit,
781 3062 817 3122 ut
835 3057 980 3122 homines
998 3058 1207 3142 improbiores
1227 3060 1268 3121 ad
1292 3058 1359 3121 eius

166 3164 229 3230 vim
250 3185 423 3249 provocare
441 3164 538 3229 faciat
557 3169 593 3229 ut
614 3164 744 3247 impune
767 3163 987 3247 voluptatibus
1011 3163 1077 3227 suis
1099 3162 1312 3247 indulgeant,
1325 3161 1358 3225 id

166 3273 293 3354 quidem
315 3292 370 3355 per
388 3292 421 3335 se
440 3292 506 3334 non
526 3274 657 3347 noceat,
677 3272 850 3335 dummodo
873 3291 912 3334 ne
925 3268 1014 3333 velut
1025 3267 1171 3335 Callicles
1185 3268 1213 3331 ei
1226 3272 1360 3332 naturae
1422 3321 1425 3326 .

166 3398 288 3461 semper
317 3376 603 3461 obtemperandum
627 3399 693 3442 esse
716 3379 843 3441 censeat
854 3375 891 3462 θ’).
926 3375 1007 3440 Tum
1031 3374 1107 3439 alibi
1131 3375 1215 3439 clare
1238 3374 1360 3437 indicat

167 3505 235 3547 eam
256 3484 351 3548 etiam
371 3483 543 3549 rectissime
561 3484 717 3549 factorum
738 3487 900 3549 auctorem
920 3505 986 3548 esse
1004 3504 1106 3567 posse.
1130 3482 1171 3546 In
1190 3480 1301 3546 Oreste
1315 3481 1358 3566 (v.

169 3589 232 3652 126
256 3590 338 3675 sqq.)
363 3589 490 3654 Electra
513 3589 683 3655 observans
700 3589 842 3655 Helenae
862 3589 1005 3654 animum
1027 3592 1095 3653 toto
1116 3588 1201 3653 hello
1221 3587 1361 3652 Troiano

168 3694 249 3759 nihil
279 3698 438 3760 mutatum
469 3695 519 3759 vel
548 3695 750 3760 amendatum
773 3718 855 3773 esse,
888 3696 1045 3779 siquidem
1068 3694 1164 3758 etiam
1189 3714 1275 3757 nunc
1298 3692 1360 3756 oir-

169 3822 239 3867 rum
271 3802 455 3887 depositura
486 3802 521 3866 in
546 3799 819 3886 Clytaemnestrae
840 3801 965 3866 tumulo
989 3801 1169 3867 cautissime
1194 3799 1362 3865 abscindat

204 4072 228 4135 1)
245 4072 282 4123 Oi.
301 4073 376 4139 Hipp.
396 4072 445 4122 880
462 4086 521 4137 “ills
540 4069 624 4137 Suppl.
642 4071 691 4119 lae
709 4084 767 4135 sqq,
785 4066 880 4120 Archel
898 4066 928 4119 ir.
947 4067 1006 4119 259.

202 4157 229 4219 2)
246 4155 321 4221 Hipp.
339 4156 387 4205 vcl.
403 4155 434 4204 fr.
451 4156 514 4205 486:

162 4226 165 4229 ¹
468 4235 554 4301 ’θγιιγύ
571 4243 634 4301 φημι
652 4238 695 4286 σύν
713 4238 784 4297 νόμον
800 4249 834 4297 γο
852 4234 886 4296 μὴ
905 4232 988 4295 σθβοιν

471 4317 496 4369 ἐν
513 4322 581 4369 σοῖσι
599 4318 685 4377 δεινοῖς
702 4323 751 4367 rav
769 4317 911 4380 ύνωγνιοιθονν
928 4314 1012 4366 πλέον.

172 4420 313 4470 quamquam
333 4406 362 4453 de
379 4407 479 4453 naturae
495 4403 520 4451 vi
537 4402 599 4452 nihil
615 4401 699 4461 habet,
716 4405 796 4450 tamen
812 4400 966 4465 impudenter
983 4398 1064 4463 legum
1080 4396 1264 4464 (morumquel')
1281 4399 1365 4447 anoto-

172 4488 268 4538 ritatem
290 4487 414 4551 infringit,
429 4486 469 4535 red
486 4484 515 4535 ab
531 4484 676 4551 improbiore
696 4483 792 4533 homino
809 4480 994 4548 pronuntiatum
1012 4496 1061 4529 ονοο
1078 4482 1129 4530 reri
1146 4481 1296 4531 simillimum
1313 4482 1364 4541 eat,

172 4570 201 4620 σθ,
219 4571 249 4620 fr.
267 4568 317 4621 437
334 4573 359 4618 ct
376 4568 448 4634 Soph.
469 4568 550 4617 Oreus.
568 4567 598 4616 fr.
615 4567 671 4617 828.
