3250 5217
548 1430 973 1521 PROOEMIUM.

661 1690 860 1700 ——w

211 1857 464 1943 Philosophandi
476 1858 617 1921 studium
630 1860 762 1921 naturae
774 1858 935 1923 humanae
946 1860 1079 1923 insitum
1093 1881 1159 1923 esse
1170 1860 1359 1943 penitusque

164 1966 327 2030 inhaerere
344 1965 478 2028 videtur.
503 1962 654 2039 Quamvis
677 1964 859 2047 paucissimi
880 1988 1062 2049 expressam
1073 1966 1271 2050 solidamque
1284 1966 1360 2030 doe·

165 2071 283 2135 trinam
306 2069 493 2133 inventione
517 2073 549 2132 et
575 2070 770 2153 cogitatione
794 2074 1021 2153 assequantur,
1047 2072 1165 2135 nedum
1191 2071 1359 2135 Platonem

166 2178 216 2241 vel
239 2164 444 2240 Aristotelem
468 2174 644 2239 subtilitate
668 2175 802 2239 scientia
825 2177 918 2259 copia
941 2180 1097 2261 aequent,
1126 2178 1180 2241 vix
1194 2176 1361 2260 quisquam

166 2283 338 2360 invenitur,
357 2282 419 2345 nisi
442 2281 484 2345 sit
506 2280 601 2365 plane
626 2284 733 2345 mente
758 2282 947 2357 destitutus,
971 2281 1051 2365 quin
1075 2282 1245 2365 aliquando
1262 2281 1361 2345 medi-

167 2391 252 2453 tetur
278 2389 316 2452 de
339 2388 434 2452 rebus
459 2387 622 2463 humanis,
649 2387 688 2451 de
711 2388 829 2451 finibus
853 2389 1029 2465 bonorum,
1057 2391 1095 2452 de
1118 2388 1229 2451 mortis
1253 2409 1361 2451 neces-

167 2494 261 2557 sitate
283 2497 315 2557 et
339 2494 549 2567 obscuritate,
578 2532 616 2581 -.
642 2494 739 2578 quin,
765 2498 800 2557 ut
822 2494 912 2559 brevi
936 2495 1055 2572 dicam,
1077 2517 1096 2557 a
1116 2494 1251 2578 singulis
1269 2494 1363 2558 rebus

167 2604 199 2664 et
220 2600 344 2664 casibus
368 2599 515 2663 humanis
538 2598 699 2683 profectus
723 2601 917 2684 cogitatione
937 2603 1080 2665 transeat
1101 2600 1136 2664 iu
1160 2621 1268 2664 eorum
1289 2600 1362 2664 uni-

167 2706 251 2770 versi
275 2706 401 2789 generis
426 2705 739 2771 commentationem.

211 2812 341 2875 Etenim
360 2810 484 2875 fallitur
502 2812 528 2875 si
547 2811 618 2896 quis
637 2815 730 2896 putat
748 2812 935 2877 eruditiores
957 2816 1085 2876 tantum
1110 2812 1255 2876 homines
1275 2814 1361 2875 sead

165 2918 346 2981 huiusmodi
380 2917 580 3002 quaestiones
614 2918 786 3001 inclinare;
823 2940 917 3003 saepe
941 2918 1027 2982 enim
1051 2917 1267 3001 congrediaris
1290 2938 1362 2980 eum

163 3023 348 3087 hominibus
371 3046 388 3088 e
408 3021 501 3107 plebe
525 3022 777 3106 simplicissimis,
802 3024 857 3107 qui
883 3046 948 3088 non
976 3024 1080 3087 minus
1104 3024 1246 3087 studiose
1268 3044 1363 3107 super

166 3130 322 3194 universis
346 3129 438 3194 rebus
462 3128 638 3205 disserant3
661 3129 696 3192 in
720 3130 837 3214 quibus
862 3130 940 3195 utile
965 3134 1014 3195 est
1037 3152 1138 3215 neque
1150 3130 1362 3213 injucundum

165 3239 276 3300 notare
307 3236 461 3300 orationis
485 3235 689 3320 asperitatem
714 3238 747 3299 et
769 3236 911 3321 inopiam
936 3237 1105 3301 sententiis
1129 3238 1203 3319 apte
1227 3234 1362 3299 distinc-

166 3344 260 3426 teque
283 3342 490 3406 enuntiandis
513 3341 679 3426 imparem.

211 3448 317 3513 Homo
339 3448 440 3532 igItur
463 3468 535 3513 vere
558 3452 606 3511 est
630 3444 700 3527 ζῷον
724 3447 904 3527 Φιλόσοφον.

211 3554 317 3619 Facile
347 3559 456 3618 tamen
488 3552 682 3639 intelligitur
711 3554 787 3618 huic
818 3555 922 3618 studio
950 3551 1082 3638 ingenia
1105 3553 1289 3628 hominurn,
1314 3552 1362 3617 vi·

167 3660 263 3726 vendi
286 3660 435 3736 rationes,
461 3662 605 3744 tempora
629 3658 692 3723 alia
714 3659 831 3736 favere,
856 3660 919 3724 alie
942 3660 1065 3725 officere
1089 3662 1122 3723 et
1133 3653 1268 3723 obstare.
1286 3658 1364 3722 Pars

167 3766 332 3830 hominum
357 3765 466 3829 multis
488 3766 523 3829 in
544 3766 656 3845 rebus,
678 3787 736 3830 nec
757 3767 956 3850 gravioribus
976 3769 1124 3842 tantum,
1144 3768 1185 3829 ad
1205 3765 1363 3848 agendum

169 3893 234 3936 non
257 3871 407 3957 progredi
430 3872 559 3947 audent,
585 3872 644 3935 nisi
668 3894 772 3936 reruni
798 3895 921 3937 summa
938 3871 1153 3956 superstitiose
1166 3871 1365 3935 considerata

169 3981 287 4043 certam
310 3978 395 4042 viam
415 3977 615 4054 invenerint3
635 4001 707 4062 pars
727 4000 802 4043 vero
822 3978 1051 4063 praetermissis
1071 3977 1364 4055 deliberationibus,

167 4083 317 4148 intimum
342 4086 499 4167 quendam
525 4084 624 4147 animi
648 4089 768 4148 motum
794 4084 897 4149 solum
921 4092 1089 4168 sequentes
1114 4084 1225 4147 ducem
1250 4082 1289 4145 ad
1311 4103 1365 4147 ac-

168 4190 271 4254 tiones
314 4188 483 4254 confestim
521 4182 797 4275 progrediuntur.¹
821 4189 1013 4254 Huiusmodi
1052 4189 1218 4253 bominum
1263 4208 1366 4251 mores

170 4296 419 4380 philosophandi
442 4296 579 4360 studium
605 4296 749 4379 profecto
773 4318 876 4380 neque
899 4298 1021 4381 augent
1044 4316 1102 4359 nec
1124 4292 1342 4358 corroborant.

214 4402 295 4467 Tum
319 4402 342 4465 ii
366 4402 420 4486 qui
444 4424 568 4486 semper
589 4402 624 4465 in
647 4396 751 4467 media
776 4405 943 4467 versantur
966 4402 1049 4467 vitae
1075 4422 1179 4484 arena,
1206 4398 1272 4463 sive
1298 4421 1365 4463 ma-

171 4509 264 4573 nibus
286 4508 405 4573 victum
426 4512 613 4592 quaerentes
634 4508 699 4572 sive
720 4507 904 4573 muneribus
921 4507 1057 4591 publicis
1068 4506 1251 4587 fungentes,
1265 4504 1366 4569 multo

1228 4625 1241 4672 l
