3250 5217
757 418 820 487 185

190 604 310 669 habent
328 604 382 689 jus
391 602 422 680 ;''
445 592 564 689 (434)εΙ
583 590 682 669 »σ’ἱσίσ
701 604 852 671 humilior
871 604 1082 690 potentiorem
1107 603 1207 669 uincit
1224 594 1251 669 si
1271 608 1336 671 stat
1355 630 1374 671 a

190 714 279 797 purte
305 701 403 795 juris;
436 710 514 775 haec
544 731 670 795 quoque
704 716 752 777 est
774 712 905 778 libertas
928 712 1013 797 quod
1038 714 1187 797 rogaturz
1213 713 1284 796 quis
1309 714 1378 777 vult

174 815 356 887 consilium
379 816 457 881 utile
479 816 670 901 reipublicae
692 818 728 882 in
751 819 891 885 medium
915 817 1079 903 proferre?
1110 818 1204 893 Quod
1228 818 1283 902 qui
1307 820 1378 884 uult

192 920 381 1008 conspicuus
404 925 468 1001 est,
492 924 547 1008 qui
571 944 639 988 non
663 925 734 989 vult
754 929 849 992 tacet.
877 924 961 1001 Quid
984 924 1035 989 his
1057 924 1180 989 civitati
1203 925 1379 1010 sequius?’'

180 1027 356 1114 Euripides
375 1016 475 1113 igitur
493 1028 721 1114 rempublicam
741 1031 916 1097 Pericleam
928 1029 1069 1097 omnium
1083 1030 1218 1096 maxime
1229 1031 1379 1115 probavit

190 1139 222 1201 et
250 1136 345 1200 etiam
367 1138 537 1221 postquam
560 1136 696 1202 Pericles
720 1141 865 1203 mortuus
887 1143 936 1204 est
958 1160 1027 1203 eam
1052 1137 1240 1223 celebravit,
1264 1160 1376 1224 quem-

191 1243 361 1307 admodum
384 1240 511 1307 fabulae
534 1222 634 1327 supra¹
656 1244 771 1309 citatae
794 1247 979 1311 ostendunt.

235 1347 318 1413 Sunt
339 1348 395 1432 qui
418 1349 616 1414 contendant
641 1372 712 1414 eum
735 1355 847 1436 postea
871 1350 1046 1416 Alcibiadis
1069 1354 1255 1417 sectatorem
1279 1353 1377 1418 exsti-

189 1454 279 1531 tisse,
301 1454 355 1519 sed
374 1455 479 1520 nescio
498 1478 539 1519 an
559 1455 683 1520 nullum
703 1458 797 1522 huius
817 1458 978 1543 opinionis
998 1463 1220 1541 argumentum
1240 1458 1379 1523 inveniri

190 1561 290 1647 possit
323 1564 448 1645 praeter
479 1562 649 1646 epinicium
681 1585 743 1648 quo
775 1564 950 1629 Alcibiadis
980 1564 1147 1629 victoriam
1179 1563 1379 1650 Olympicam

190 1668 360 1733 celebravit
373 1665 408 1753 ¹).
445 1667 536 1743 Quod
567 1670 652 1733 enim
683 1670 792 1735 foedus
825 1693 897 1735 cum
930 1669 1079 1754 Argivis,
1111 1671 1199 1735 euius
1229 1672 1378 1755 princeps

191 1778 302 1840 auctor
320 1773 382 1840 fuit
400 1772 599 1861 Alcibiades,
623 1778 859 1842 commendavit
877 1778 911 1841 in
923 1776 1125 1862 Supplioibus
1138 1777 1178 1861 (si
1190 1776 1284 1841 modo
1295 1778 1379 1841 idem

190 1871 301 1945 foedus
320 1880 443 1965 agitur,
462 1881 525 1947 vid.
546 1902 599 1966 pg.
624 1883 664 1945 12
684 1886 751 1950 not.
778 1885 829 1968 2),
852 1884 884 1948 id
904 1904 971 1948 non
992 1904 1116 1948 necesse
1137 1886 1272 1948 osteum
1294 1883 1379 1948 Alci·

190 1988 292 2052 biadis
323 1987 426 2071 gratia
457 1986 574 2052 fecisse.
613 1988 695 2053 Tum
727 1994 910 2075 reputemus
928 1994 1139 2075 quantopere
1169 1988 1288 2053 bellum
1312 2011 1377 2054 non

191 2095 365 2161 necessario
394 2098 575 2179 susceptum
606 2096 784 2181 improbet3
812 2097 985 2162 Adrastum
1010 2097 1095 2161 enim
1118 2097 1153 2159 in
1177 2094 1379 2181 Supplicibus

191 2202 393 2267 vehementer
413 2200 558 2285 increpat
581 2201 719 2267 Theseus
742 2210 782 2282 (v.
809 2205 886 2282 232)
909 2204 994 2288 quod
1017 2203 1051 2267 id
1074 2202 1185 2268 fecerit

395 2306 467 2376 νέοις
492 2307 683 2390 παραχθείς,
708 2306 813 2382 σίτινει
837 2310 1002 2389 τιμώμενοι

392 2413 555 2495 χαίρουσι,
579 2415 730 2494 πολέμους
755 2418 783 2482 τ’
808 2416 972 2493 αὐξοίνουσ“
997 2416 1071 2482 ἄνευ
1094 2417 1196 2495 δίιιιμ,

396 2516 574 2602 Φίείραντες
600 2524 728 2602 οἰστοὺς,
754 2510 849 2601 ὃμὲν
872 2520 952 2597 ὅπως
976 2534 1198 2604 στρατηλατῇ,

397 2628 411 2692 ί
435 2627 462 2692 δ’
485 2629 522 2699 ὡς
548 2628 652 2711 ὑβρίζῃ
676 2629 805 2708 δύναμιν
830 2631 860 2703 ές
883 2640 995 2711 χεῖρας
1021 2631 1147 2710 λαβὼν,

402 2731 497 2807 σίλλος
523 2734 554 2799 δὲ
578 2734 696 2816 κέρδους
721 2735 833 2823 οὕνεκ’,
860 2740 914 2804 οὐκ
937 2740 1121 2804 dauravards

395 2842 429 2906 τδ
454 2844 566 2915 πλῆθος
591 2841 621 2907 εί
642 2867 671 2908 τι
696 2844 883 2921 βλάπτεται
908 2844 1035 2927 πιίσχσν
1058 2844 1144 2912 τοίδε.

234 2946 351 3012 Nonne
381 2946 458 3012 haec
488 2949 594 3033 potius
618 2950 756 3015 eiusdem
781 2951 956 3016 Alcibiadis
981 2973 1085 3016 acrem
1110 2951 1376 3037 vituperationem

191 3052 351 3118 continere
381 3054 544 3131 uidentur,
575 3057 631 3140 qui
667 3077 703 3121 eo
729 3057 798 3142 ipso
831 3061 974 3141 tempore
1005 3078 1088 3122 nova
1119 3058 1203 3123 bella
1229 3058 1390 3143 pararet?

188 3156 293 3224 Etiam
316 3182 344 3226 v.
367 3162 546 3227 480-493
567 3162 706 3227 eiusdem
724 3163 850 3229 fabulae
862 3163 982 3228 bellum
995 3163 1207 3248 improbavit,
1221 3164 1267 3228 ait
1278 3164 1379 3231 enim:

191 3266 389 3352 negligentes
412 3268 497 3331 bona
519 3268 605 3352 pacis

219 3396 221 3401 ·
247 3384 251 3391 '
882 3380 908 3444 οί
931 3378 1019 3444 ιιαιιοί

394 3480 546 3559 πολέμους
560 3484 797 3564 Ιἀναιρούμεσθα
821 3485 874 3550 καί
898 3484 950 3556 τδν
973 3484 1086 3563 ἥσσονα

394 3589 568 3667 δουλούμεθ’
591 3587 695 3671 ἄνδρες
718 3588 811 3671 σ’ίνδρα
838 3592 891 3657 καὶ
915 3590 1005 3663 πόλις
1029 3591 1117 3657 πόλιν
1132 3595 1168 3679 ²).

233 3694 308 3761 Non
337 3696 437 3780 igitur
467 3697 637 3763 verisimile
668 3701 717 3763 est
746 3720 818 3763 eum
851 3697 1012 3764 Alcibiadi
1034 3699 1230 3784 aliquamdiu
1255 3699 1379 3765 favisse.

224 3995 251 4060 1)
276 3994 341 4045 Mihi
363 3994 426 4045 enim
450 3993 562 4044 Schenkl.
582 3994 639 4059 (Die
655 3994 722 4059 polit.
741 3996 931 4061 Auschauungen
948 3997 988 4045 das
1004 3997 1047 4055 a,
1063 4013 1102 4062 pg.
1121 3997 1153 4047 25
1171 3996 1265 4061 annot.)
1282 3995 1380 4045 minime

190 4078 315 4143 persuadet
332 4077 370 4127 his
386 4077 525 4143 Supplicum
541 4076 647 4127 versibus
664 4078 723 4139 (190
741 4079 804 4144 sqq.)
821 4078 967 4129 Alcibiadem
983 4079 1126 4143 significari:
1141 4100 1145 4109 ·
1264 4066 1266 4072 ¹

889 4159 933 4210 ιιοιδ
950 4162 1044 4209 νεανίαν

489 4239 546 4305 ’ixei
565 4258 594 4291 σε
611 4240 708 4303 ποιμέν’
728 4238 830 4293 ἐσθλόν·
848 4234 877 4292 od
893 4243 968 4309 χρείᾳ
984 4244 1070 4301 πόλεις
1148 4241 1152 4245 ”

489 4322 585 4375 πολλαί
602 4320 717 4373 διώλοντ’
735 4321 824 4383 ἐνδεεῖς
841 4324 1028 4388 στρατηλάτου.

221 4406 248 4471 2)
270 4407 306 4456 Ol.
329 4406 402 4457 etiam
427 4407 482 4457 Tro.
502 4407 552 4456 400
569 4406 775 4473 pulcerrimusque
791 4409 894 4473 hymnus
910 4408 937 4457 in
953 4424 1035 4474 paoem
1051 4408 1078 4457 in
1096 4408 1196 4474 Grasph.
1213 4409 1243 4457 fr.
1261 4408 1318 4457 462.
1344 4410 1380 4457 De

184 4488 352 4541 bellidueibus
367 4488 454 4539 nobilia
468 4492 503 4538 est
518 4489 543 4538 iu
561 4490 696 4539 Phoenissis
712 4491 847 4541 octonarius
863 4490 934 4555 (599)
948 4489 977 4539 ab
993 4493 1100 4554 Augusto
1109 4491 1377 4556 frequenterlaudatus:

419 4570 538 4636 ἀσφαλὴς
555 4570 603 4634 γοίρ
622 4568 679 4621 ἔστ’
696 4572 800 4634 ιἰμείννιν
818 4572 832 4631 ’ὴ
850 4572 940 4635 θρασὺς
957 4572 1144 4634 στρατηλάτης.
