3250 5217
821 414 863 477 20

246 596 363 661 frustra
386 600 561 662 revocatur.
586 596 619 661 Si
642 596 701 659 hoc
725 596 883 680 principio
906 596 1079 679 posuimus,
1104 595 1205 659 multa
1228 595 1263 657 in
1276 592 1439 677 Euripidis

246 703 387 787 imagine
411 702 575 768 intellectu
596 702 739 766 faciliora
767 700 848 765 fient
860 701 893 780 1).

293 808 409 873 Omnia
432 809 517 874 enim
541 831 622 893 quae
642 810 682 871 ad
702 808 843 892 corporis
858 808 977 901 cultum
994 808 1176 893 pertinent,
1197 828 1341 891 quaeque
1353 809 1439 891 apud

247 915 394 1000 antiquos
425 916 570 980 homines
601 936 668 980 non
698 915 800 979 solum
831 914 866 978 in
898 936 1068 999 puerorum
1093 914 1281 978 educatione
1304 916 1358 977 sed
1384 935 1441 997 per

247 1024 349 1087 totam
373 1023 471 1086 vitam
495 1025 621 1086 tantam
644 1022 808 1086 habebant
827 1022 902 1098 vim,
921 1023 1061 1085 anostro
1074 1022 1312 1105 postponuntur
1324 1019 1422 1083 ment'

248 1131 281 1193 et
310 1129 432 1213 ingenii
462 1129 642 1194 eruditioni.
673 1128 745 1213 lpse
775 1150 852 1193 sane
882 1128 1106 1211 injuventute
1134 1127 1256 1190 athleta
1279 1125 1359 1208 fuit,
1385 1126 1440 1189 sed

196 1242 204 1252 ‘
248 1237 281 1297 et
300 1236 428 1299 oraculo
448 1235 583 1319 jubente
606 1237 639 1299 et
660 1237 776 1319 patre:¹
793 1237 863 1298 tum
887 1255 962 1297 mox
982 1233 1093 1298 relicta
1112 1233 1311 1317 gymnastice
1323 1232 1441 1295 mentis

246 1339 543 1406 excercitationibus
575 1344 662 1405 totus
694 1362 806 1405 vacere
836 1340 956 1423 coepit,
988 1340 1104 1424 quibus
1127 1340 1182 1423 qui
1205 1339 1344 1403 emineat
1367 1360 1439 1402 eum

245 1447 348 1512 multo
372 1447 473 1531 magis
497 1447 722 1512 honorandum
745 1469 811 1511 esse
831 1468 926 1530 quam
946 1446 1002 1530 qui
1021 1446 1164 1531 corporis
1176 1446 1290 1509 robore
1302 1445 1440 1529 insignis

246 1536 306 1631 sit,
326 1553 508 1639 frequenter
532 1556 666 1618 testatus
690 1556 739 1617 est
752 1552 788 1632 2).

291 1660 359 1727 Nec
391 1661 557 1746 gymnasia
580 1664 674 1724 modo
698 1660 916 1744 vilipendebat
938 1660 994 1723 sed
1018 1680 1121 1742 neque
1144 1658 1184 1722 ed
1207 1659 1439 1742 rempublicam

247 1790 398 1853 umquam
425 1768 566 1833 accessit.
600 1765 697 1831 Cuius
721 1766 766 1830 rei
790 1787 885 1831 causa
908 1765 1052 1850 profecto
1076 1786 1142 1829 non
1166 1764 1242 1829 inde
1267 1766 1440 1849 repetenda

246 1877 294 1939 est
317 1876 404 1958 quod
425 1873 563 1958 patriam
588 1872 670 1936 nihil
695 1874 827 1937 curaret.
861 1871 978 1965 Variae
1010 1871 1095 1935 enim
1120 1870 1298 1935 sententiae
1321 1872 1439 1955 passim

246 1981 387 2065 prolatae
409 1980 594 2044 testimonio
618 1983 692 2042 sunt
714 1977 889 2063 plurimum
912 1978 980 2042 eius
1002 1976 1185 2041 interfuisse
1201 1978 1439 2060 quomodores-

246 2086 373 2170 publica
397 2086 690 2161 administraretur,
715 2104 796 2168 quae
816 2084 956 2148 rationes
980 2084 1065 2147 inter
1085 2105 1154 2147 eam
1167 2086 1348 2167 ceterasque
1360 2082 1438 2147 civi·

245 2193 328 2255 tates
363 2190 499 2257 Graecas
533 2190 768 2255 intercederent
781 2184 824 2273 ³);
857 2189 911 2253 sed
943 2189 1076 2253 omnino
1111 2190 1278 2253 hominum
1314 2191 1439 2253 coetum

168 2356 169 2363 ,
244 2296 362 2380 ubique
393 2297 509 2361 vitasse
539 2297 673 2373 videtur,
706 2294 825 2380 quippe
853 2295 994 2360 moribus
1026 2295 1126 2359 tristis
1150 2300 1182 2360 et
1207 2316 1366 2379 morosus3
1392 2295 1440 2358 vi-

244 2404 374 2487 tamque
404 2404 471 2485 egit
501 2402 729 2477 umbraticam,
763 2403 802 2465 de
834 2401 984 2465 omnibus
1006 2402 1102 2466 rebus
1126 2402 1160 2465 in
1186 2423 1308 2466 secessu
1332 2402 1440 2486 potius

244 2508 402 2571 meditans
425 2510 457 2571 et
481 2508 636 2571 disserens
659 2529 754 2591 quam
779 2528 812 2571 se
835 2508 904 2592 ipse
926 2508 1108 2573 immiscens
1122 2508 1159 2593 ⁴).

290 2614 363 2697 Ipse
394 2614 566 2698 aliquando
597 2636 653 2678 sua
676 2613 782 2677 studia
805 2613 965 2697 professus
988 2617 1046 2679 est.
1078 2613 1118 2677 ln
1142 2613 1254 2678 fabula
1276 2611 1439 2677 Alcestide

244 2719 359 2785 chorus
382 2723 536 2799 testatur,
561 2743 590 2787 v.
618 2720 682 2784 962

601 2828 662 2905 ἐγὼ
687 2826 739 2891 uel
764 2826 814 2891 ted
839 2827 959 2902 μούσαις

602 2932 654 2997 xci
680 2934 843 3013 perciperes
857 2936 881 3012 ⁵)
905 2930 965 3013 ᾖξσι
990 2933 1042 2997 καὶ

606 3041 759 3103 πλείστων
785 3039 947 3119 ἁψάμενος
977 3038 1077 3115 λόγων

609 3154 743 3226 κρεῖσσον
768 3144 851 3209 οὐδὲν
876 3145 1040 3223 ’Accienses

607 3246 709 3331 ηὗρον,
734 3251 800 3316 οὐδὲ
828 3275 856 3315 τν
882 3250 1049 3331 Φάρμακον

603 3360 758 3437 Θρῄσσαις
783 3358 813 3423 ἐν
837 3357 956 3421 σνννίσνν
979 3358 1039 3428 τὰς

605 3466 739 3545 Ὀρφεῖνν
764 3463 966 3544 κατέρραψεν

633 3577 648 3592 '⁴
713 3570 1439 3654 ........s.s.t.,quibnsvsbusetpoe·

277 3714 305 3778 1)
323 3714 463 3763 Rectissime
491 3716 633 3779 Bernhardy
663 3714 804 3779 (Grundriss
829 3715 876 3763 der
892 3714 1061 3763 Grieclrischen
1085 3714 1215 3764 Idteretur.
1240 3716 1309 3763 'l'heil
1335 3717 1374 3772 ΙΙ,
1393 3714 1441 3764 Ab·

242 3795 353 3859 theilung
371 3796 398 3855 2,
426 3814 465 3862 pg.
489 3798 537 3847 398
553 3798 600 3863 sq.)
627 3796 691 3845 „sein
708 3796 810 3844 llinfluss
828 3796 877 3845 und
894 3796 933 3844 ein
950 3796 1019 3844 'Pheil
1037 3797 1115 3845 seiner
1132 3797 1232 3862 Mdngel
1250 3797 1309 3861 liegt
1326 3797 1360 3845 im
1380 3797 1440 3845 Vor-

242 3878 329 3927 wslten
351 3879 392 3927 des
411 3879 587 3956 theoretischsn
609 3876 705 3927 hebens.
733 3878 786 3926 Von
810 3877 899 3927 diesem
920 3878 1074 3943 Stsndpunlrt
1097 3894 1161 3928 muss
1178 3878 1224 3927 elle
1242 3878 1440 3928 Chersktsristik

243 3961 283 4009 des
300 3960 430 4024 Tregikers
447 3958 591 4025 uuegehen.”

277 4044 634 4108 a)v.eart.1v0.e§1.
714 4042 1128 4106 .s)V.1urt.1v0.ses.

276 4126 304 4189 4)
322 4126 415 4174 Summi
438 4129 563 4189 poetarum
586 4126 761 4173 Germanorum
783 4124 901 4172 sententis
924 4124 1010 4173 nobilis
1033 4128 1057 4174 et
1074 4125 1149 4174 trita:
1167 4126 1291 4189 ingenium
1309 4124 1439 4174 solitudine

243 4207 333 4265 excoli,
353 4206 457 4270 antiquis
475 4206 532 4255 viris
548 4206 616 4255 nullo
633 4206 702 4255 modo
719 4209 775 4270 epta
792 4206 818 4254 in
837 4206 976 4271 lluripidem
993 4207 1097 4271 primum
1115 4208 1198 4255 cadere
1216 4207 1321 4256 videtur.

278 4290 304 4353 ὅ)
322 4286 463 4349 Μετάρσνσς
480 4288 599 4353 poeticum
614 4292 650 4337 est
664 4287 804 4337 vocabulum
819 4304 862 4353 pro
872 4286 1008 4349 μετέωρος,
1017 4289 1151 4353 significans
1160 4289 1185 4337 id
1194 4290 1257 4353 quod
1266 4305 1339 4354 supra
1348 4293 1439 4338 terrem

242 4370 333 4419 elatum
350 4374 398 4427 est;
416 4370 496 4433 itaque
513 4370 656 4419 translatum
672 4374 708 4419 est
725 4371 754 4419 ed
772 4370 832 4419 coeli
849 4371 1022 4435 phaenomena;
1043 4372 1155 4420 hocloco
1171 4376 1301 4437 usurpetur
1318 4373 1438 4420 deserum

242 4467 324 4501 rerum
347 4451 471 4510 studiosis,
493 4452 580 4517 quippe
603 4452 644 4516 qui
667 4453 811 4517 cogitatione
833 4452 946 4502 sublimes
968 4454 1092 4512 terentum
1111 4453 1141 4503 cf.
1158 4454 1237 4502 Schol.
1255 4453 1285 4501 ad
1303 4454 1330 4503 h.
1348 4453 1377 4503 l:
1397 4451 1440 4500 καὶ

243 4532 298 4594 erupi
315 4530 442 4594 μετεώρων
460 4529 607 4597 ἐφρόντισα,
626 4529 675 4583 οἷον
692 4533 878 4597 despondentes.
