3250 5217
805 368 868 431 rea
1411 333 1423 375 ⁸

281 550 384 616 Nemo
407 550 550 635 profecto
574 553 748 616 contendet
772 553 900 634 poetam
925 548 1003 613 talia
1026 546 1171 612 didicisse
1194 569 1214 610 a
1236 544 1427 631 philosopho

236 657 287 722 cui
305 656 371 722 sola
389 657 551 743 ignoratio
570 679 676 723 rerum
696 658 801 722 omnia
820 656 896 720 mali
917 678 1012 720 causa
1032 654 1202 720 videretur.

281 762 342 829 Sed
365 786 500 849 aequum
523 769 571 828 est
594 764 718 829 diuersa
736 784 868 848 quoque
891 762 987 827 effata
1005 762 1040 825 in
1051 762 1159 845 partes
1170 780 1293 825 vocare.
1312 755 1431 822 Adras-

236 874 289 935 tus
311 870 347 934 in
370 869 574 955 supplicibus
598 870 710 956 (913):
735 872 752 945 ἡ
777 869 804 933 δ’
829 868 989 947 εὐανδρία,
1012 867 1139 952 inquit,

486 975 644 1053 διδακτὸν,
669 974 754 1053 εἴπερ
778 974 832 1039 καὶ
856 973 973 1054 βρέφος
997 971 1177 1038 διδάσκεται

491 1081 738 1160 ulyssemque
762 1080 809 1164 θ’,
833 1078 872 1145 ὧν
895 1080 1027 1156 μάθησιν
1051 1080 1104 1143 οὐκ
1127 1075 1205 1156 ἔχει.

280 1186 354 1253 Una
380 1186 481 1271 igitur
509 1209 548 1252 ex
577 1187 750 1252 virtutibus
773 1186 977 1251 discenda
1000 1206 1067 1249 esse
1091 1184 1207 1248 diserte
1230 1172 1364 1260 (licitum
1391 1183 1430 1247 ad

234 1317 330 1380 quam
352 1294 491 1359 eiusdem
517 1294 670 1359 dramatis
693 1295 789 1359 etiam
813 1316 844 1358 u.
870 1293 934 1359 510
959 1292 1116 1377 pertinet:

495 1400 559 1480 Ικαὶ
584 1399 675 1465 τοῦτό
697 1423 743 1465 τον
767 1401 936 1484 τάνδρεῖον,
963 1402 979 1473 ἡ
1005 1396 1170 1477 προμηθία.
1263 1443 1270 1459 .

279 1505 367 1581 Quae
396 1504 565 1572 Socraticis
596 1506 721 1591 placitis
753 1527 882 1591 prorsus
914 1503 1032 1569 similia
1055 1506 1148 1585 sunt,
1185 1502 1342 1587 siquidem
1377 1500 1429 1565 hic

233 1617 304 1678 toto
323 1634 487 1698 sermone,
510 1613 566 1697 qui
586 1612 706 1678 Laches
730 1613 936 1690 inscribitur,
960 1611 1042 1677 nihil
1065 1611 1429 1675 demonstrareconatur

234 1720 297 1784 nisi
320 1720 540 1785 fortitudinem
565 1742 632 1785 esse
655 1720 821 1785 scientiam
845 1742 951 1785 rerum
978 1719 1105 1783 utilium
1132 1722 1165 1782 et
1192 1716 1378 1783 nocentium
1397 1719 1429 1781 et

234 1825 404 1911 disciplina
421 1826 522 1911 igitur
541 1827 728 1911 comparari.
749 1826 819 1891 Has
830 1831 936 1892 autem
949 1830 1028 1891 duas
1040 1824 1215 1891 sententias
1226 1823 1429 1909 Euripideas,

236 1955 308 2000 cum
336 1932 433 1997 nullis
457 1931 526 1997 aliis
550 1932 779 1997 confirmentur
804 1933 859 1997 sed
883 1932 990 2017 potius
1015 1934 1164 2016 pugnent
1183 1951 1254 1995 cum
1274 1930 1341 1995 eins
1359 1930 1441 2014 pla--

235 2040 325 2118 citis,
357 2038 526 2104 verisimile
557 2043 606 2104 est
640 2061 657 2104 e
687 2038 834 2105 doctrina
865 2039 971 2109 alicua
1002 2038 1185 2122 desumptas
1221 2057 1298 2103 esse.
1337 2034 1429 2101 Nihil

236 2146 344 2211 obstat
370 2146 541 2230 quominus
564 2146 741 2231 cogitemus
764 2168 838 2211 eum
862 2145 1034 2230 aliquando
1059 2164 1132 2209 eum
1155 2141 1286 2208 Socrate
1310 2163 1428 2207 sermo·

236 2254 380 2319 cinctum
403 2252 595 2317 sententiam
619 2251 739 2318 abhoc
760 2252 828 2316 viro
849 2250 1050 2317 enuntiatam
1069 2248 1238 2314 inseruisse
1250 2248 1354 2334 operi,
1366 2268 1428 2331 quc

238 2361 316 2422 tunc
343 2357 495 2441 temporis
522 2361 695 2441 occupatus
723 2360 814 2424 esset.
841 2356 973 2441 Saepius
998 2357 1065 2440 jam
1086 2354 1223 2419 vidimus
1243 2352 1428 2438 Supplicum

236 2466 347 2527 drama
371 2461 467 2527 variis
491 2463 585 2527 rebus
609 2462 650 2526 ab
671 2462 803 2546 ingenio
827 2462 1000 2545 Euripidae
1021 2460 1221 2545 aliquantum
1241 2460 1428 2546 discrepare.

283 2566 344 2632 Sed
374 2568 470 2631 etiam
503 2568 566 2631 alia
597 2571 674 2632 sunt
699 2589 781 2652 quac
805 2567 1006 2653 disciplinam
1030 2566 1223 2633 Socraticam
1248 2588 1358 2651 sapere
1380 2566 1429 2631 vi·

238 2678 363 2739 dentur.
384 2672 434 2737 ux
452 2673 575 2737 incerte
596 2673 738 2737 dramate
759 2673 945 2739 Athenaeus
958 2673 1062 2757 (XIII.
1075 2693 1131 2759 pg.
1145 2673 1208 2739 561
1223 2674 1256 2759 a)
1268 2672 1428 2737 canticum

237 2778 377 2845 servavit
399 2778 447 2858 (fr.
473 2780 572 2865 889),
597 2778 686 2844 cuius
710 2780 771 2845 hoc
794 2783 842 2845 est
867 2780 1011 2845 initium:

511 2885 672 2964 παίδευμα
697 2887 723 2950 δ’
743 2889 842 2966 Ἔρως
866 2886 982 2964 σοφίας
1008 2891 1118 2965 ἀρετῆς

509 3000 657 3057 πλεῖστον
681 2992 828 3074 ὑπάρχει.

235 3100 256 3167 i.
270 3122 296 3165 e.
309 3120 399 3164 amor
409 3100 551 3184 optimus
563 3103 612 3165 est
624 3100 800 3185 sapientiae
812 3104 846 3164 et
858 3099 985 3165 virtutis
998 3099 1159 3184 magister.
1177 3100 1302 3164 Pariter
1313 3099 1429 3164 chorus

236 3207 270 3270 in
295 3205 407 3270 Medea
432 3205 510 3289 (845
535 3206 597 3291 sq.)
622 3204 735 3282 ἔρωτας
759 3210 870 3272 vocat:
895 3213 936 3289 uqi
957 3206 1056 3289 σοφία
1076 3205 1256 3284 παρέδρους,
1278 3207 1428 3276 παντοίας

237 3313 350 3391 ἀρεταῖς
381 3310 559 3391 ἔννερρούς,
591 3312 706 3396 quibus
737 3312 817 3377 locis
848 3313 948 3397 igitur
971 3333 1037 3376 non
1060 3312 1164 3377 solum
1187 3311 1330 3376 doceri
1352 3311 1430 3376 dici·

236 3420 289 3482 tur
312 3416 429 3494 virtus,
453 3417 507 3481 sed
531 3420 607 3481 ante
629 3418 738 3481 omnia
760 3419 866 3483 doceri
889 3419 930 3483 ab
953 3439 1071 3483 amere.

281 3522 451 3587 Possumus
486 3542 561 3606 ergo
593 3523 747 3607 suspicari
777 3522 962 3608 Euripidem
994 3544 1134 3588 amorem
1165 3523 1257 3588 illum
1289 3528 1430 3608 spectare
1497 3566 1500 3569 -

235 3627 430 3694 Socraticum
461 3627 501 3691 ed
532 3630 656 3691 mentes
679 3627 845 3693 hominum
873 3628 1109 3713 pertinentem,
1137 3629 1369 3713 cupidumque,
1393 3632 1430 3692 ut

235 3732 374 3798 Socratis
406 3732 511 3798 verbis
541 3735 615 3798 utar
646 3733 742 3817 (Plat.
774 3756 876 3819 symp.
909 3755 964 3819 pg.
998 3735 1062 3799 207
1093 3734 1135 3820 E)
1160 3742 1236 3806 »τῆς
1260 3737 1429 3812 γεννήσεως

235 3838 288 3903 καὶ
313 3844 366 3903 τοῦ
390 3838 479 3903 τόνον
503 3841 532 3902 ἐν
556 3840 598 3919 τῷ
623 3840 741 3919 καλῷ”.
767 3839 880 3924 Neque
904 3839 965 3905 hcc
989 3840 1100 3906 ellare
1112 3863 1169 3925 pre
1182 3844 1270 3905 certo
1282 3840 1430 3924 redargui

234 3948 357 4031 potest,
389 3949 608 4010 verumtamen
641 3945 792 4029 quoniam
821 3967 919 4011 amor
949 3946 1005 4011 ille
1038 3952 1070 4011 et
1105 3947 1232 4012 virtutis
1266 3946 1427 4011 institutio

234 4050 455 4136 philosophica
474 4051 579 4116 verbis
598 4050 779 4134 Euripideis
801 4073 867 4115 non
886 4052 1052 4137 perspicue
1074 4051 1315 4137 significantur,
1335 4055 1369 4116 et
1389 4074 1430 4116 ne

234 4159 362 4222 constat
384 4156 513 4242 quidem
537 4158 640 4241 qualis
664 4177 770 4234 amor,
795 4162 903 4222 utrum
928 4158 1108 4243 conjugalis
1132 4180 1172 4221 en
1194 4179 1365 4250 puerorum
1386 4180 1428 4222 an

234 4263 407 4327 amicorum
438 4262 629 4347 cogitandus
653 4263 714 4340 sit,
739 4266 883 4347 praestat
906 4285 973 4327 rem
996 4264 1030 4328 in
1055 4264 1158 4328 medio
1182 4263 1369 4348 relinquere.
1396 4264 1429 4330 si

234 4371 341 4433 autem
380 4370 563 4452 reputamus
601 4371 642 4433 ad
676 4391 772 4453 quem
805 4369 982 4451 praeclaras
1011 4370 1152 4435 actiones
1184 4371 1269 4454 apud
1299 4370 1429 4455 Euripi·
1499 4404 1503 4407 ·

236 4477 308 4539 dem
342 4494 432 4539 amor
455 4473 611 4559 vulgaris,
637 4496 709 4539 cum
733 4475 913 4560 conjugalis
936 4479 1007 4540 tum
1029 4475 1209 4554 fraternus,
1232 4475 1427 4542 Alcestidem
