3250 5217
754 406 794 471 81

184 587 357 655 moralibus
380 588 554 673 superiores
576 588 767 653 videbantur
779 588 816 677 1).
840 588 943 666 Quare
964 589 1147 656 hominibus
1169 591 1221 676 pie
1244 591 1369 657 colendi

183 699 274 759 erant
293 694 354 772 dii;
373 715 509 780 quorum
527 695 810 779 potentiaecedere
822 696 962 761 noluisse
973 717 1113 761 summae
1125 718 1191 761 esse
1202 698 1371 763 ridebatur

185 799 349 884 superbiae
373 803 405 864 st
424 799 599 884 pravitatis.
625 798 699 865 Una
723 804 829 865 autem
849 804 1019 886 eademque
1035 823 1130 867 causa
1147 802 1274 867 obstitit
1288 825 1369 888 quo·

184 906 291 971 minus
321 906 451 971 deorum
475 905 591 971 scelera
614 905 860 991 indignarentur
881 906 1026 972 homines
1049 912 1081 972 et
1103 909 1273 994 quominus
1295 908 1369 974 illo·

184 1034 255 1077 rum
289 1012 434 1096 exempla
465 1011 555 1097 sequi
585 1010 646 1076 sibi
675 1011 799 1077 licitum
830 1015 981 1096 putarent
1011 1017 1067 1078 aut
1097 1013 1221 1099 saepius
1244 1036 1281 1079 ea
1303 1016 1370 1080 suia

182 1118 323 1203 ipsorum
354 1117 493 1201 peccatis
522 1120 776 1203 praetenderent.
800 1116 891 1193 Quod
911 1119 997 1184 enim
1019 1119 1064 1184 dii
1084 1119 1145 1185 sibi
1167 1120 1250 1185 nihil
1272 1124 1368 1186 dene·

184 1222 326 1309 gabant,
360 1223 393 1288 id
423 1244 489 1288 non
520 1228 589 1289 erat
619 1245 674 1289 cur
703 1223 849 1291 homines
879 1225 940 1290 sibi
969 1225 1190 1310 indulgerent3
1220 1230 1370 1312 poterant

185 1330 270 1395 enim
292 1330 341 1395 illi
362 1330 506 1415 impune,
533 1330 568 1395 hi
589 1352 656 1395 non
679 1330 878 1418 poterant’).

228 1435 349 1502 Nostra
372 1439 477 1502 autem
501 1441 605 1516 aetas,
629 1460 710 1522 quae
732 1441 901 1524 praecepta
923 1438 1057 1504 moralia
1079 1460 1269 1525 omnemque
1286 1441 1371 1506 ritae

184 1544 387 1611 sanctitatem
417 1543 618 1628 potissimum
641 1566 660 1608 a
682 1544 846 1629 religionis
876 1545 1079 1610 institutione
1108 1548 1248 1631 repetere
1271 1546 1369 1626 solet,

184 1649 387 1716 vehementer
417 1649 550 1714 miratur
579 1651 739 1735 quomodo
771 1650 889 1716 factum
916 1651 975 1734 sit,
1001 1655 1038 1716 ut
1061 1650 1206 1716 homines
1227 1652 1370 1740 antiqui,

184 1757 299 1843 quibus
322 1778 388 1821 non
412 1759 507 1822 modo
529 1756 619 1821 nulla
642 1760 724 1823 esset
744 1757 905 1822 institutio
924 1757 1034 1823 divina
1053 1760 1108 1821 sed
1130 1758 1225 1823 etiam
1245 1757 1290 1822 dii
1308 1759 1371 1844 ipsi

186 1863 321 1949 cujusvis
351 1862 518 1948 pravitatis
546 1863 768 1929 auctoritatem
791 1866 1012 1941 ostenderent,
1037 1885 1104 1928 non
1126 1865 1221 1949 proni
1241 1868 1372 1930 ruerent

185 1970 219 2035 in
249 1972 366 2034 cuncta
400 1970 531 2049 scelera,
564 1992 666 2055 neque
697 1992 826 2055 prorsus
858 1973 1087 2055 degenerarent
1109 1970 1144 2035 in
1168 1973 1268 2049 ferae,
1291 1972 1370 2056 quin

184 2076 248 2141 imo
269 2077 393 2141 easdem
413 2076 564 2161 virtutes,
585 2099 664 2162 quas
681 2097 757 2155 nos,
774 2078 1033 2142 commendarent
1045 2080 1078 2141 et
1089 2075 1249 2156 colerent,
1262 2078 1369 2143 eadem

115 2268 118 2275 Ι
185 2184 348 2249 nobiscum
373 2182 451 2247 vitia
473 2183 692 2267 improbarent
714 2186 746 2248 et
768 2184 1011 2251 detestarentur.

229 2289 366 2355 Videtur
387 2288 468 2353 mihi
490 2292 605 2354 natura
627 2290 697 2374 ipsa
719 2289 869 2354 omnibus
891 2288 1074 2353 hominibus
1096 2289 1257 2373 quandam
1273 2290 1371 2376 justi·

184 2396 246 2461 tiae
269 2400 301 2459 et
324 2395 503 2460 sanctitatis
523 2396 686 2461 notionem
707 2396 817 2461 statim
836 2416 908 2460 cum
929 2395 1014 2460 ritae
1034 2395 1103 2460 luce
1121 2394 1269 2462 tribuere.
1288 2395 1371 2463 Sunt

185 2502 287 2581 enim,
312 2504 349 2566 ut
372 2501 417 2566 ait
440 2499 566 2587 Cicero,
589 2502 728 2587 ingeniis
752 2502 871 2567 nostris
893 2502 1014 2567 semina
1036 2502 1150 2566 innata
1168 2501 1323 2567 virtutum
1337 2504 1370 2584 ⁸).

184 2608 244 2675 His
279 2612 386 2674 autem
417 2609 589 2674 seminibus
619 2609 654 2673 in
686 2609 830 2693 gentium
850 2609 1019 2694 juventute
1041 2610 1217 2676 naseuntur
1238 2609 1372 2677 virtutes

183 2736 302 2800 paucae
332 2714 502 2779 admodum
526 2719 559 2780 et
580 2715 850 2800 simplicissimae,
874 2715 975 2780 veluti
997 2714 1113 2780 herbae
1136 2737 1251 2800 parvae
1274 2720 1371 2801 atque

183 2824 341 2907 agrestes3
365 2823 440 2885 dum
465 2825 571 2885 autem
595 2825 707 2906 gentes
730 2825 834 2885 aetate
856 2823 1034 2905 procedunt
1052 2821 1112 2885 hae
1131 2820 1266 2885 virtutae
1286 2822 1371 2887 ritae

182 2950 241 2992 usu
270 2927 362 3011 quasi
394 2926 434 2990 ab
458 2926 565 3012 aliquo
589 2927 675 2991 horti
698 2931 901 3011 procuratore
924 2926 1113 2991 excoluntur
1135 2930 1169 2990 et
1191 2932 1373 3011 purgantur

181 3033 227 3098 ita
249 3037 285 3098 ut
309 3033 543 3098 recentissimae
567 3034 678 3119 cnique
701 3033 864 3117 progeniei
887 3033 1008 3098 semina
1027 3031 1172 3098 uberiora
1192 3037 1224 3097 et
1242 3034 1371 3118 puriora

184 3140 395 3225 suppeditent.
421 3139 515 3204 Hanc
540 3144 644 3205 autem
661 3141 806 3226 justitiae
826 3140 990 3205 notionem
1003 3140 1043 3205 ab
1055 3140 1124 3224 ipsa
1135 3142 1252 3205 natura
1263 3140 1372 3205 datam

184 3245 304 3311 efficere
333 3244 470 3310 arbitror
502 3249 538 3310 ut
568 3247 712 3331 gentium
742 3268 845 3312 mores
868 3268 1041 3332 numquam
1063 3250 1230 3331 tantopere
1253 3246 1372 3311 sancti·

217 3468 244 3529 l)
261 3469 350 3520 Eadem
376 3468 468 3518 ratione
491 3468 593 3519 Romani
610 3458 793 3535 imperatoribus
809 3472 859 3519 suis
875 3471 913 3518 tot
929 3484 1003 3519 annos
1019 3469 1090 3535 plura
1106 3468 1267 3535 permiserunt
1283 3468 1375 3534 flagitia

183 3567 255 3619 qnam
279 3551 323 3601 nlli
350 3554 419 3601 antea
442 3552 580 3601 mortalium
602 3552 659 3617 qnia
680 3555 773 3601 tantem
796 3550 911 3601 haberent
927 3554 1069 3617 potestatem
1087 3554 1201 3616 quantam
1219 3566 1288 3601 nemo
1304 3554 1375 3601 antea

182 3634 328 3685 mortalium.
352 3635 456 3699 Ideoque
478 3634 649 3684 scelestissimis
671 3634 720 3683 illis
736 3633 875 3683 Caesaribus
891 3634 949 3685 satis
965 3640 1017 3683 erat
1034 3634 1114 3683 mori
1132 3636 1160 3683 ut
1175 3632 1201 3683 in
1218 3632 1375 3684 immorta-

183 3717 259 3767 lium
276 3732 403 3767 nnmerum
421 3718 582 3766 referrentur!

218 3800 282 3865 Quid
303 3800 366 3865 quod
383 3800 445 3864 apud
461 3815 504 3848 nos
522 3800 598 3849 adbuc
615 3799 720 3849 multum
736 3799 800 3849 valet
817 3800 875 3849 liaeo
891 3799 930 3850 lex
947 3799 1013 3850 velut
1030 3798 1154 3849 naturalis.
1178 3798 1265 3847 Nonne
1280 3797 1375 3862 regibus

183 3881 342 3946 divitibusque
364 3881 434 3947 plura
459 3881 548 3945 ignosci
573 3882 650 3931 solent
671 3898 743 3946 qnam
766 3882 857 3932 ciuibus
872 3885 897 3932 et
912 3882 994 3948 plebi?
1018 3883 1105 3947 legem
1121 3884 1230 3946 poteram
1245 3880 1376 3931 notissimis

183 3964 261 4015 verbis
276 3980 360 4013 vocare
380 3963 430 4028 ‚jus
449 3962 613 4014 validissimi’'.
632 3965 702 4030 Quod
718 3968 798 4014 temen
817 3964 915 4015 verebar
931 3980 961 4013 ne
976 3965 1003 4014 in
1019 3980 1112 4014 errores
1125 3964 1228 4013 duceret.
1245 3964 1298 4013 Nos
1311 3964 1376 4015 enim

184 4062 257 4113 quum
282 4062 309 4096 ea
331 4061 388 4095 voce
410 4046 502 4097 utimur
527 4049 682 4112 ‚potestatem
705 4045 862 4097 validissimi”
884 4048 965 4113 potius
988 4047 1147 4113 significamus
1164 4044 1294 4112 quamius
1311 4047 1376 4097 Nam

184 4132 297 4195 iujuriam
314 4146 407 4197 semper
424 4135 548 4196 putamus,
566 4129 628 4195 siqui
646 4129 737 4179 viribus
754 4130 810 4180 solis
827 4131 878 4179 nixi
895 4129 1021 4181 debiliores
1034 4129 1183 4197 opprimunt.
1197 4128 1376 4194 Antiquissimi·

184 4230 240 4264 vero
256 4213 403 4279 temporibus
420 4213 444 4263 id
463 4214 546 4277 utpote
564 4215 664 4261 naturae
681 4227 812 4275 congruens
830 4228 886 4261 vere
899 4212 1020 4276 justum
1036 4210 1174 4261 habebatur.

217 4297 292 4345 Notes
314 4295 415 4360 denique
438 4294 531 4344 veniam
556 4297 580 4343 et
602 4293 740 4344 beultatem
765 4294 856 4360 aliquid
878 4294 979 4345 molendi
1004 4296 1142 4360 {requenter
1158 4294 1240 4344 eodem
1257 4292 1376 4358 designari

185 4379 311 4435 vocabulo,
328 4377 394 4428 velut
412 4374 557 4439 indixerat,
576 4375 639 4427 lieet.
682 4434 685 4441 Ι

218 4461 247 4526 2)
265 4462 348 4525 Neque
366 4460 430 4510 enim
448 4475 491 4509 nos
507 4459 610 4525 peccatis
627 4459 803 4509 excusationem
818 4459 922 4525 patimus
936 4475 949 4509 e
962 4476 1045 4525 regem
1059 4459 1240 4526 principumque
1254 4457 1375 4523 exemplis.

219 4544 243 4604 8)
261 4542 297 4591 (li
315 4541 388 4591 etiam
406 4542 551 4605 Protagorae
568 4540 677 4605 mytbum
694 4541 723 4589 de
741 4538 795 4605 δίκῃ
813 4545 838 4591 et
854 4538 923 4590 allel
937 4541 1073 4593 bominibus
1089 4558 1104 4591 a
1119 4541 1180 4591 Jove
1196 4539 1301 4590 tributis.

1237 4623 1251 4671 t
