3250 5217
822 405 864 468 22

246 598 283 659 ut
307 592 368 659 sibi
395 590 594 675 disciplinam
620 591 820 654 constantem
845 587 1023 672 excogitare
1042 590 1077 652 et
1098 588 1270 651 terminare
1292 586 1439 662 valcant,

246 721 327 785 quae
356 702 442 763 recte
474 696 602 762 vivendi
634 696 718 759 viam
749 698 915 760 monstret.
940 694 1089 778 Plerique
1114 694 1168 757 vix
1190 694 1441 777 progrediuntur

246 808 331 872 ultra
363 827 468 870 rerum
504 803 695 867 traditarum
730 802 1015 887 improbationem,
1047 823 1157 865 verum
1187 801 1300 865 leviter
1324 800 1440 884 ubique

246 917 449 998 quaerenteS,
474 909 645 993 omniaque
670 909 864 987 delibantes,
888 930 947 972 nec
970 911 1078 971 tamen
1098 908 1291 992 reperientes
1310 908 1343 971 id
1355 908 1441 991 quod

246 1019 379 1095 volunt,
403 1018 564 1081 fluctuant
585 1016 671 1083 inter
695 1014 835 1097 diversa,
859 1018 958 1099 prout
979 1013 1092 1097 quovis
1110 1014 1211 1077 animi
1229 1018 1286 1078 aut
1301 1013 1440 1095 corporis

247 1126 362 1190 affectu
393 1124 559 1207 agitantur
573 1120 608 1205 1).
653 1121 747 1185 Hisce
780 1125 886 1186 autern
917 1123 1011 1206 poeta
1042 1124 1150 1185 noster
1183 1120 1261 1184 mibi
1294 1120 1441 1183 adnume-

246 1232 365 1296 randus
388 1230 523 1295 videtur.

291 1337 401 1403 Nolite
436 1339 542 1400 autem
561 1340 675 1419 putare
700 1349 750 1399 m'e
774 1335 922 1399 homines
940 1338 1039 1419 prout
1057 1339 1161 1419 agunt
1179 1338 1212 1399 et
1238 1335 1384 1399 sentiunt
1405 1334 1440 1397 in

247 1465 392 1529 expresse
426 1442 599 1525 descriptas
631 1444 738 1524 partes
763 1441 950 1506 distribuere
974 1441 1070 1518 velle3
1097 1441 1178 1506 nihil
1201 1444 1369 1524 tantopere
1391 1462 1442 1504 re-

247 1553 373 1636 pugnat
392 1550 497 1613 certae
521 1546 720 1611 distinctioni
743 1568 838 1630 quam
850 1550 974 1611 mentes
986 1547 1163 1624 humanae,
1176 1568 1310 1631 quarum
1323 1546 1443 1610 multae

247 1678 264 1720 e
288 1653 507 1719 divermssimis
531 1657 607 1717 sunt
630 1652 824 1736 compositae
846 1653 1030 1738 principiis;
1055 1690 1094 1701 -
1121 1652 1196 1717 licet
1218 1658 1327 1717 tamen
1344 1674 1442 1737 geno-

247 1762 342 1827 ratim
368 1761 501 1825 definire
523 1782 586 1844 quo
610 1782 643 1823 se
667 1781 809 1843 quaeque
833 1760 970 1823 maxime
992 1760 1159 1825 inclinent.

293 1868 362 1943 Qua
385 1870 489 1931 aetate
512 1865 681 1950 Euripides
701 1887 831 1949 operam
854 1866 929 1929 dare
953 1866 1092 1949 eoeperit
1116 1869 1153 1929 ut
1175 1888 1282 1930 rerum
1307 1887 1442 1951 cognos-

247 1980 332 2040 ceret
363 1995 493 2051 causas,
526 1994 629 2056 quove
662 1971 856 2036 modo-haec
879 1972 984 2036 studia
1007 1971 1199 2036 cohaereant
1222 1994 1295 2037 oum
1312 1973 1443 2037 deorum

248 2080 450 2165 popularium
481 2079 735 2163 vituperatione,
768 2078 894 2142 decerni
926 2079 1048 2161 nequit.
1081 2077 1152 2142 Hoc
1175 2081 1280 2143 autem
1301 2079 1444 2163 suspicor

248 2208 331 2264 eum,
350 2208 422 2251 cum
447 2185 644 2268 aliquamdiu
667 2184 807 2247 scientiis
832 2184 928 2247 variis
950 2183 1124 2248 studuisset
1147 2188 1180 2248 et
1200 2186 1351 2268 quasdam
1372 2206 1443 2271 eog-

247 2294 388 2357 novisset
409 2292 595 2376 disciplinas
618 2290 873 2374 philosophicas,
897 2290 1052 2373 paulatim
1077 2291 1200 2355 fabulas
1212 2292 1443 2377 mythologicas

247 2400 428 2483 improbare
458 2401 490 2461 et
521 2418 669 2479 spernere
701 2396 859 2479 coepisse,
884 2399 952 2459 tum
973 2397 1007 2461 in
1031 2397 1097 2461 dies
1120 2398 1222 2481 magis
1244 2398 1280 2461 in
1300 2399 1442 2481 philoso-

247 2504 356 2588 phiam
388 2503 578 2567 incubuisse.
613 2501 705 2566 Tunc
737 2503 822 2566 enirn
854 2503 1056 2587 quaestiones
1087 2504 1204 2568 multas
1236 2507 1269 2567 et
1292 2525 1392 2568 novas
1415 2506 1443 2569 ei

249 2614 324 2675 ante
355 2609 463 2675 oculos
495 2609 679 2673 obversatus
711 2608 807 2673 fuisse
834 2631 959 2673 necesse
980 2613 1045 2688 est,
1078 2632 1137 2674 nec
1162 2633 1214 2674 eas
1237 2611 1339 2674 solum
1363 2632 1443 2694 quae

249 2720 325 2785 sunt
357 2718 395 2780 de
426 2717 540 2779 natura
571 2716 711 2779 deorum.
747 2714 835 2779 Licet
859 2716 943 2780 enim
968 2717 1079 2801 religio
1105 2716 1225 2782 Graeca
1248 2738 1331 2791 non,
1357 2718 1445 2781 velut

250 2820 451 2900 Christiana,
484 2824 625 2906 exponat
655 2844 718 2907 quo
748 2824 860 2887 tendat
884 2824 949 2888 vita
972 2824 1130 2901 humana,
1154 2844 1217 2908 quo
1242 2824 1337 2887 modo
1359 2827 1444 2889 recte

249 2930 290 2995 sit
326 2929 495 2993 vivendum
531 2932 602 3007 etc,
637 2934 746 2993 tamen
778 2929 880 2995 multa
912 2951 993 3013 quae
1028 2930 1067 2992 ad
1097 2951 1200 2993 rerum
1232 2929 1444 2994 humanarum

250 3058 375 3099 cursum
398 3035 561 3119 pertinent
581 3036 707 3119 justitia
730 3035 835 3119 gratia
858 3036 964 3098 studio
983 3035 1032 3098 ira
1049 3034 1179 3098 deorum
1192 3036 1446 3120 explicabantur.

249 3141 340 3216 Quod
375 3163 448 3205 oum
482 3141 609 3205 irritum
641 3142 801 3206 videretur
837 3142 963 3204 animus
989 3142 1168 3225 jandudum
1202 3143 1345 3209 curiosus
1377 3166 1444 3209 non

250 3250 376 3331 poterat
402 3247 481 3331 quin
506 3248 602 3311 etiam
625 3247 846 3311 vehementius
870 3246 1088 3311 stimularetur
1112 3251 1149 3311 ut
1172 3249 1316 3313 omnium
1340 3271 1445 3314 rerum

252 3376 360 3419 causas
385 3354 556 3419 efficientes
579 3355 798 3438 investigaret.
893 3379 895 3382 ·

296 3459 368 3544 Sed,
391 3463 427 3524 ut
451 3460 527 3539 dixi,
540 3464 671 3545 propter
688 3464 869 3544 temporum
879 3460 1114 3544 ignorationem
1127 3462 1446 3545 testimoniorumque

251 3567 392 3652 inopiam
425 3588 492 3631 non
523 3571 691 3632 decernere
720 3588 887 3651 possumus
910 3572 1069 3651 quomodo
1093 3568 1261 3653 colligatae
1284 3570 1350 3634 sint
1372 3569 1446 3634 illas

252 3672 464 3756 cogitationes
486 3694 557 3737 oum
584 3676 824 3757 praeceptorum
848 3674 1061 3738 institutione.
1083 3674 1186 3749 Quare
1204 3680 1446 3759 paucatantnm

252 3780 290 3843 dc
321 3778 371 3843 bis
396 3780 610 3864 suppleamus.
635 3778 751 3842 Procul
778 3779 876 3843 dubio
899 3780 1058 3864 sophistas
1081 3781 1206 3844 audivit
1224 3785 1257 3845 et
1277 3782 1314 3846 in
1336 3804 1445 3847 eorum

252 3885 367 3949 scholis
392 3886 504 3949 studiis
528 3884 694 3949 rhetoricis
719 3885 828 3949 scdulo
851 3886 987 3951 vacavit.
1008 3886 1200 3971 Protagoras
1219 3888 1254 3951 in
1271 3888 1338 3952 eius
1352 3889 1445 3952 domo

251 3990 369 4054 librum
389 4012 480 4054 suum
501 3990 539 4054 dc
559 3990 619 4055 diis
639 3991 787 4055 recitasse
807 3991 907 4056 fertur
913 4014 922 4070 ;
943 3994 1046 4077 ipsum
1060 3998 1171 4057 narrat
1182 3993 1276 4077 Diog.
1293 3994 1328 4057 L.
1343 3993 1389 4080 (ll
1414 3993 1444 4071 5,

254 4097 310 4182 22)
331 4096 487 4161 Heracliti
511 4095 627 4161 librum
652 4097 718 4177 aspi
743 4097 868 4179 φύσεως
892 4099 1064 4181 aliquando
1076 4096 1200 4165 Socrati
1212 4104 1443 4178 commodasse,

251 4224 315 4287 quo
338 4200 541 4267 familiariter
567 4225 640 4268 usus
663 4202 759 4269 fuisse
782 4206 918 4270 videtur.

254 4378 433 4386 -ω-ῇᾈ

286 4458 313 4524 1)
331 4457 438 4507 Observa
462 4460 608 4525 quantopere
630 4458 673 4507 illa
695 4466 803 4525 temporo
825 4460 914 4511 similia
936 4460 984 4511 sint
999 4460 1055 4509 huic
1071 4440 1167 4511 nostrae
1184 4463 1270 4523 aetati,
1288 4463 1314 4513 in
1330 4479 1378 4529 qua
1394 4463 1444 4514 sinc

250 4540 389 4591 difficultate
407 4542 501 4591 eaedem
518 4542 568 4591 fere
585 4541 704 4603 rationes,
722 4544 803 4606 quoles
820 4541 973 4604 adumbrari,
991 4542 1056 4593 carni
1073 4554 1177 4608 possunt.
