3250 5217
735 453 797 515 145

396 640 453 699 τῶν
478 636 660 711 ἀντιλογιῶν
684 634 737 699 καὶ
762 642 923 712 λυγισμῶν
947 636 998 700 καὶ
1022 639 1160 718 στροφῶν

394 740 646 825 ὑπερεμάνησαν,
671 739 842 818 ιιοὶνδμισαν
867 744 1057 822 σοφώτατον.

165 850 235 911 tum
258 849 302 933 (v.
330 846 410 931 954)
433 849 472 911 de
495 869 529 911 se
551 848 619 931 ipse
641 846 805 931 praedicat
826 846 1010 931 Euripides:

305 952 415 1017 ἔπειτα
440 952 577 1018 τουτουσὶ
602 962 713 1017 λαλεῖν
739 952 865 1031 ἐδίδαξα
868 1001 966 1020 .....
977 1001 989 1020 -.
1005 1004 1011 1017 .
1026 1003 1058 1023 ..
1109 978 1113 983 ·

304 1066 426 1124 λεπτῶν
448 1084 483 1125 τε
508 1058 637 1125 κανόνων
662 1060 799 1137 ἐσβολὰς
823 1062 902 1125 ἐπῶν
926 1084 960 1124 τε
984 1062 1199 1140 γιονιασμοὺς,

304 1174 397 1244 νοεῖν,
417 1162 510 1244 'ircim
533 1164 680 1243 ξυνιέναι,
706 1166 865 1247 στρέφειν,
893 1167 982 1247 ἐρῶν,
1006 1167 1189 1249 τεχνάζειν,

305 1271 384 1351 salx
410 1272 641 1350 exoratricem,
665 1296 809 1353 περινοειν
833 1268 974 1338 ἅπαντα.

170 1400 200 1444 v
225 1377 292 1443 850
316 1378 357 1443 ab
381 1378 540 1462 Aeschylo
565 1378 667 1443 dictur
691 1382 760 1443 erat

307 1508 429 1561 γαμουι
453 1484 638 1556 lanosicco
663 1484 837 1566 ἕσφὲρον’
822 1509 851 1557 ες
877 1487 932 1561 τνιν
956 1484 1083 1567 τέχνην

170 1594 201 1654 et
223 1612 253 1655 r.
282 1590 367 1655 1077
392 1592 565 1656 eorundem
588 1591 738 1656 vitiorum
762 1592 803 1656 ab
827 1614 864 1657 eo
888 1596 1054 1657 accusatur
1077 1594 1138 1659 hoo
1162 1595 1255 1659 modo

488 1698 580 1762 solor
604 1698 633 1762 δὲ
658 1705 758 1763 κοινῶν
783 1698 837 1762 οὐκ
860 1696 957 1770 αἴτιοι
982 1699 1068 1775 ἕστ’;

488 1803 520 1867 οὐ
544 1804 747 1883 προαγωγοὺς
768 1802 922 1877 κατέδειξ’
934 1799 1037 1881 οὗτος,

484 1910 536 1973 καὶ
559 1911 725 1982 τικτούσας
750 1913 781 1975 ἐν
805 1917 868 1983 τοῖς
894 1910 998 1989 ἱεροῖο,
1063 1970 1065 1975 .

488 2016 540 2081 καὶ
565 2016 757 2094 μιγνυμένας
783 2025 879 2081 τοῖσιν
901 2016 1067 2100 ἀδελφοῖς,

496 2126 547 2187 καὶ
573 2124 757 2203 Φασκούσας
782 2124 816 2188 οὐ
834 2122 887 2204 ζῆν
912 2125 946 2187 τὸ
971 2123 1045 2204 ζῆνς
1090 2180 1100 2201 ,

170 2230 278 2314 itaque
308 2230 446 2294 effecisse
476 2230 593 2294 dieitur
615 2232 675 2294 »ut
697 2231 773 2295 urbs
797 2229 893 2312 plena
915 2232 999 2295 esset
1021 2229 1213 2307 scribarum,
1236 2229 1362 2308 furum,

171 2336 469 2420 adulatorum‚·qui
491 2337 644 2421 populum
664 2358 787 2420 semper
805 2336 1001 2422 deciperent,
1024 2340 1057 2401 et
1075 2339 1113 2399 ut
1132 2357 1208 2422 prae
1228 2336 1363 2400 mollitia

173 2463 264 2507 nemo
286 2441 421 2525 amplius
440 2442 539 2506 facem
561 2442 643 2508 ferre
662 2442 800 2526 posset”.
823 2441 1047 2507 Accusationis
1065 2443 1170 2526 capita
1189 2462 1266 2526 ergo
1284 2442 1363 2506 haec

172 2552 264 2613 sunt:
291 2570 365 2612 usus
390 2548 641 2612 ratiuncularum
664 2548 867 2624 callidarum,
889 2551 974 2613 unde
993 2548 1069 2612 mali
1089 2547 1246 2612 discerent
1265 2548 1363 2612 scele-

171 2677 240 2719 rum
265 2652 482 2718 excusationes
505 2657 538 2718 et
561 2654 778 2731 defensiones3
802 2654 935 2718 omnino
959 2654 1077 2718 nimius
1099 2675 1173 2718 usus
1193 2654 1272 2718 artis
1288 2653 1362 2717 rhe-

171 2761 306 2837 toricae,
328 2781 392 2844 qua
408 2760 543 2845 juvenes
561 2760 675 2824 fierent
693 2761 842 2845 loquaces
860 2765 893 2825 et
910 2760 1101 2825 effeminati·
1093 2760 1363 2845 ,repraesentatio

169 2867 358 2931 feminarum
403 2866 609 2945 lascivarum,
649 2887 856 2951 amorumque
889 2866 1148 2967 inhonestorum
1187 2866 1364 2987 horumque

172 2972 383 3038 commendat
360 2976 405 3036 t1o
428 2994 485 3055 per
509 2972 645 3037 artificia
667 2972 835 3037 rhetorica.

216 3078 303 3143 Ante
326 3099 436 3142 omnes
459 3077 620 3161 sophistae
643 3100 769 3162 quoquc
792 3077 1011 3161 urguebantur
1034 3047 1103 3141 arte
1119 3077 1277 3141 rhetorica
1288 3077 1365 3141 bom

173 3186 312 3269 malique
331 3184 485 3248 terminos
505 3185 686 3261 sustulisse;
707 3186 762 3268 qui
775 3184 927 3269 quoniam
940 3185 1085 3248 autem
1059 3206 1124 3248 erus
1136 3185 1214 3248 artis
1226 3184 1368 3248 studium

174 3296 257 3355 certe
287 3290 322 3354 in
351 3289 515 3355 Graeciam
539 3291 788 3355 introduxerunt
817 3295 849 3354 et
870 3289 1039 3375 Euripides
1062 3311 1172 3354 eorum
1196 3289 1368 3373 discipulus

174 3398 301 3463 sedulus
330 3397 426 3461 fuisse
458 3398 557 3461 credit
543 3402 610 3473 tur,
642 3403 711 3460 tum
735 3397 786 3461 hie
809 3417 935 3482 quoque
960 3396 1044 3461 haud
1065 3396 1159 3460 dubie
1179 3395 1283 3459 simul
1295 3416 1368 3459 oum

175 3503 237 3567 illis
268 3502 388 3569 Socrat'
365 3508 406 3567 t1s
437 3504 567 3567 nomine
597 3504 632 3567 in
665 3502 813 3568 Nubibus
844 3503 1023 3587 exagitatus
1046 3506 1095 3567 est
1109 3501 1149 3580 ¹)
1181 3502 1306 3567 ridetur
1331 3502 1369 3563 de

176 3610 261 3674 vitiis
290 3609 436 3694 Euripidi
464 3610 597 3695 objectis
626 3612 700 3694 apte
725 3610 881 3695 disputari
906 3630 971 3673 non
996 3630 1105 3693 posse,
1132 3608 1195 3672 nisi
1218 3612 1313 3672 antea
1331 3608 1369 3671 de

177 3715 343 3800 sophistis,
364 3737 472 3780 eorum
493 3716 616 3780 scilicet
641 3715 842 3793 auctoribus,
866 3716 1044 3799 expositum
1068 3714 1120 3778 sit.

604 3934 622 4012 ἓ
646 3934 676 3997 4.
703 3928 753 3997 De
776 3928 940 4019 sophistis.

224 4127 271 4196 De
291 4129 380 4196 nullo
401 4129 535 4197 fortasse
555 4130 720 4195 hominum
741 4149 858 4214 genere
877 4085 934 4214 per
949 4125 1067 4213 viginti
1080 4125 1206 4192 saecula
1213 4127 1370 4212 judicium

181 4236 321 4320 iniquius
352 4241 385 4303 et
406 4238 517 4303 falsius
536 4237 636 4301 latum
660 4238 717 4300 est.
742 4233 893 4299 Omnium
917 4234 981 4299 fere
1004 4237 1037 4299 et
1058 4241 1133 4298 suae
1156 4237 1189 4297 et
1211 4234 1372 4317 sequentis

213 4506 241 4569 1)
263 4506 317 4555 vid.
341 4522 363 4554 v.
388 4506 502 4555 Leeuwen
525 4504 579 4554 diss.
600 4504 628 4552 de
644 4501 718 4553 Arist.
736 4502 793 4552 Eur.
812 4516 910 4551 censore
927 4517 966 4565 pg.
984 4502 1016 4549 16
1033 4516 1096 4566 sqq.;
1117 4500 1181 4551 Nub.
1198 4516 1220 4551 r.
1240 4502 1302 4555 13‘11
1321 4517 1373 4565 sqq.

180 4585 306 4653 Euripides
322 4587 464 4637 nominatim
480 4588 578 4652 petitur.

1219 4681 1252 4728 10
