3250 5217
729 434 770 503 77

158 619 225 683 cius
248 616 392 684 discendi
417 620 567 706 cupidum
590 620 741 687 excitavit
760 621 801 687 ad
821 621 963 687 studium
983 623 1177 707 sapientiae,
1194 622 1355 689 moribus·

158 744 219 809 qus
255 726 307 809 (ut
339 745 394 810 pg.
431 727 474 791 23
507 726 657 804 vidimus)
688 727 829 793 ostendit
859 728 1040 812 exemplum
1071 728 1289 794 continentiae
1323 731 1356 794 et

158 830 345 918 severitatis.
371 829 468 897 Ouios
492 832 553 897 viri
575 833 750 917 imaginem
772 854 840 898 non
863 838 911 897 est
934 855 991 899 cur
1014 855 1080 899 non
1105 834 1215 902 Valck.
1236 836 1282 919 (p.
1298 836 1355 921 26)

158 939 323 1002 credamus
358 936 426 1003 eius
460 938 567 1003 animo
599 940 800 1005 obversatam
829 961 913 1018 esse,
938 962 1010 1005 cum
1032 940 1068 1004 in
1091 940 1354 1026 philosophorum

158 1042 268 1108 laudes
292 1044 370 1109 haec
393 1049 520 1110 caneret
542 1046 595 1132 (fr.
621 1048 721 1129 902):

432 1150 534 1229 ὄλβιος
560 1148 641 1225 ὅστις
666 1162 721 1228 τῆς
736 1155 760 1240 Ι)
785 1154 919 1235 ἱστορίαις
966 1173 976 1197 ’

432 1256 510 1340 ἔσχε
534 1257 665 1335 μάθησιν

429 1365 510 1442 μήτε
535 1372 667 1430 πσλιτῶν
692 1366 742 1431 ἐπὶ
768 1365 945 1443 annectens

428 1472 503 1547 μήτ’
528 1474 569 1544 εἰς
596 1473 717 1542 σὶδίκσυσ
745 1472 871 1551 πράξεις
897 1474 1012 1553 ὁρμῶν,

430 1578 504 1643 ἁλλ’
529 1578 684 1644 aicadrus
709 1580 840 1658 καθορῶν
864 1580 986 1658 φύσεως

430 1684 544 1764 κόσμον
567 1687 708 1764 ἀγήρων,
733 1694 775 1761 orsi
800 1710 836 1750 σε
860 1686 989 1762 συνέστη

432 1790 485 1858 xci
511 1786 569 1866 ἴση
595 1792 646 1856 καὶ
671 1790 762 1864 ὅπως.

430 1906 494 1969 σοῖς
520 1900 550 1963 δὲ
575 1900 718 1971 rororis-occ
744 1897 880 1963 οὐδέποτ’
908 1900 1045 1979 αἰσχρῶν

432 2000 526 2081 ἔργων
549 2005 718 2083 μελέτημα
741 2004 886 2087 asscita.

204 2110 265 2177 Sed
297 2110 564 2195 quemadmodum
586 2112 723 2177 Pericles
743 2134 782 2177 ex
801 2111 1013 2195 Anaxagorae
1030 2113 1258 2178 consuetudine
1277 2134 1353 2199 gra-

157 2217 293 2282 vitatem
312 2217 439 2302 quidem
460 2220 492 2282 et
512 2218 739 2283 sublimitatem
760 2218 858 2305 (Plut.
879 2241 909 2285 v.
923 2218 994 2283 Por.
1008 2240 1034 2283 c.
1048 2217 1146 2305 VIII)
1158 2220 1213 2284 sed
1226 2220 1349 2286 nullum

158 2323 327 2409 physicum
348 2327 486 2407 systema
509 2323 635 2389 videtur
657 2325 831 2410 accepisse,
854 2325 899 2390 sic
923 2346 1026 2409 neque
1049 2327 1158 2389 noster
1181 2325 1241 2391 hac
1264 2326 1299 2392 in
1319 2349 1354 2392 re

159 2429 254 2495 solidi
277 2430 451 2514 quidquam
475 2430 504 2494 ei
527 2435 690 2514 acceptum
712 2432 830 2497 referre
853 2436 1004 2516 poteratx

204 2535 244 2600 In
273 2536 524 2601 commentandis
552 2538 759 2621 scriptoribus
788 2538 882 2603 multi
905 2538 965 2602 viri
988 2536 1074 2602 docti
1097 2537 1350 2625 quotiescunque

161 2642 311 2707 incidunt
333 2642 368 2705 in
392 2642 598 2726 sententiam,
623 2666 720 2730 quam
745 2644 842 2709 etiam
866 2666 904 2709 ex
924 2643 1104 2729 antiquiore
1124 2644 1231 2729 aliquo
1253 2647 1354 2731 scrip-

161 2752 231 2813 tore
263 2751 373 2812 notam
397 2748 554 2827 habeant,
579 2750 703 2814 etiamsi
727 2749 975 2834 haudquaquam
998 2750 1041 2814 sit
1063 2750 1251 2835 singularis,
1278 2772 1354 2837 pro·

160 2855 249 2919 tinus
275 2858 383 2919 tamen
401 2855 505 2919 solent
526 2860 679 2921 annotare
699 2856 906 2941 posteriorem
925 2856 1088 2921 imitatum
1109 2878 1176 2921 esse
1195 2858 1351 2942 priorem!

160 2960 360 3045 Quamquam
393 2982 458 3024 non
491 2982 573 3046 nego
604 2962 639 3025 in
668 2961 768 3025 literis
800 2961 938 3026 classicis
974 2983 1039 3026 non
1070 2984 1142 3028 raro
1166 2963 1353 3049 scriptores,

160 3066 294 3131 Latinos
329 3067 533 3150 praesertim,
567 3068 742 3152 superiores
775 3067 836 3131 sibi
867 3068 1013 3132 consulto
1036 3067 1210 3133 imitandos
1234 3090 1354 3154 propo·

161 3173 278 3249 suisse,
304 3177 411 3236 tamen
436 3172 475 3236 ad
498 3177 585 3238 certa
607 3172 663 3237 illa
686 3172 832 3258 exempla
852 3174 960 3237 omnia
978 3172 1134 3237 referendi
1156 3176 1353 3241 consuetudo

162 3279 265 3345 dicam
290 3302 331 3343 an
358 3278 457 3343 libido
483 3301 576 3363 saepe
600 3279 679 3343 mihi
697 3282 829 3343 'modum
848 3281 996 3343 excedere
1015 3279 1148 3344 videtur.
1173 3278 1249 3345 Non
1268 3282 1365 3364 enim

161 3374 362 3472 singulorum
382 3387 549 3451 hominum
570 3409 672 3451 mores
691 3390 725 3451 et
743 3386 910 3471 ingenium
929 3389 970 3450 ad
990 3408 1090 3450 unum
1110 3387 1239 3471 aliquod
1251 3410 1354 3452 exem·

162 3494 251 3578 plum
280 3493 520 3577 exprimuntur,
553 3493 640 3580 cuius
670 3492 844 3577 imaginem
872 3514 967 3577 quam
991 3492 1171 3558 fidelissime
1194 3494 1353 3573 referant,

162 3621 272 3664 rerum
293 3599 440 3664 subsidiis
462 3620 500 3662 ex
508 3598 690 3663 innumeris
703 3598 886 3663 hominibus
897 3598 1053 3682 rebusque
1066 3600 1168 3664 ductis
1180 3603 1213 3665 et
1224 3600 1355 3685 propria

162 3709 270 3770 mente
305 3705 465 3770 conversis
495 3704 764 3789 conformatioque
796 3704 984 3769 excoluntur
1019 3711 1051 3768 et
1086 3705 1266 3771 firmantur.
1303 3706 1354 3771 Ita

164 3816 272 3877 noster
302 3833 428 3896 quoque
450 3833 467 3876 c
491 3815 624 3875 naturae
655 3811 944 3895 contemplatione,
970 3833 987 3876 e
1010 3812 1194 3897 cognitione
1217 3814 1353 3897 placito-

163 3940 234 3983 rum
279 3919 449 3982 multorum
483 3917 761 4002 philosophorum,
797 3940 835 3982 ex
868 3917 1081 4002 Anaxagorae
1114 3918 1300 4003 disciplina,
1338 3942 1355 3985 e

163 4027 328 4107 poetarum
363 4024 519 4106 lectione,
551 4046 568 4087 c
600 4023 699 4088 veteri
733 4023 912 4107 theologia,
944 4046 983 4088 ex
1015 4046 1072 4089 usu
1107 4025 1306 4109 aequalium,
1338 4048 1356 4091 e

165 4134 243 4195 natu
267 4130 422 4195 maiorum
447 4129 642 4207 eruditione,
662 4151 743 4214 quae
763 4129 880 4193 sensim
899 4132 932 4194 et
951 4129 1062 4194 furtim
1079 4131 1233 4196 manatin
1243 4131 1353 4216 junio·

165 4258 235 4301 rum
259 4236 395 4322 animos,
422 4257 460 4301 ex
483 4234 569 4299 hisce
594 4235 741 4299 omnibus
765 4237 872 4299 mente
894 4236 1029 4319 receptis
1052 4236 1243 4320 propriaque
1266 4238 1354 4322 cogi-

165 4342 286 4407 tatione
317 4342 434 4407 refictis
456 4341 563 4406 hausit
582 4340 740 4426 simplices
760 4340 832 4405 illas
852 4362 930 4425 quas
949 4342 1164 4408 recensuimus
1184 4343 1222 4407 de
1242 4346 1357 4407 natura

159 4606 165 4619 ·
200 4578 227 4644 1)
245 4579 273 4628 V.
291 4577 391 4643 conjecit
410 4552 465 4643 ylla.
