3250 5217
760 402 802 472 33

227 593 359 659 Minime
379 594 486 655 tamen
507 613 556 655 me
576 590 661 674 fugit
681 595 803 673 quanto
821 591 893 674 jure
909 587 1378 677 reprehendaturprologorum

177 700 349 785 jejunitas,
384 697 627 761 innumerabilis
660 696 832 761 multitudo
863 698 1112 774 sententiarum,
1145 698 1377 782 disputationes

183 807 222 871 de
252 828 357 869 rerum
386 808 518 889 natura,
542 825 623 888 quae
646 803 749 867 alieno
774 806 917 887 tempore
941 806 973 867 et
996 803 1035 867 ab
1060 803 1171 867 alienis
1194 806 1378 890 personis1)

182 935 276 997 saepe
299 911 525 996 pronuntiatae
547 909 675 975 veritati
698 913 834 986 nocent3
858 932 963 975 rerum
986 910 1086 975 nimia
1109 912 1257 996 copia'in
1278 933 1376 975 unam

182 1018 325 1083 fabulam
355 1020 524 1101 congesta;
551 1019 681 1081 deorum
702 1020 812 1100 partes
836 1017 930 1080 nimis
953 1038 1045 1101 saepe
1069 1017 1108 1081 ad
1132 1018 1253 1088 nodum
1277 1018 1376 1082 disse-

184 1126 320 1190 candum
340 1125 446 1209 potius
467 1145 563 1208 quam
583 1122 769 1187 solvendum
789 1123 969 1201 adhibitae,
982 1125 1217 1208 quibustamen
1230 1122 1378 1209 Euripidi

182 1231 339 1316 imprimis
362 1233 604 1314 temperandum
627 1228 749 1305 fuerat;
763 1228 788 1315 ⁹)
809 1230 1076 1295 declamationum
1098 1231 1326 1296 rhetoricarum
1347 1233 1380 1294 et

184 1338 280 1401 etiam
313 1336 420 1401 litium
452 1335 625 1401 forensium
657 1335 799 1399 studium
832 1336 1000 1401 molestum
1034 1341 1066 1401 et
1089 1337 1172 1402 male
1195 1337 1378 1413 abundans,

184 1444 277 1507 metri
308 1443 432 1509 incuria
463 1443 617 1527 gliscens,
647 1443 736 1507 chori
761 1443 898 1527 denique
921 1449 1026 1528 partes
1049 1444 1180 1509 inutiles
1204 1447 1238 1509 et
1260 1465 1280 1507 a
1302 1464 1378 1527 pro·

184 1552 289 1635 posito
314 1538 446 1616 alienae.

229 1656 457 1722 Verumtamen
481 1656 551 1721 aliis
574 1656 667 1721 rebus
689 1656 775 1721 inter
801 1658 922 1741 primos
946 1658 1083 1723 excellit.
1116 1656 1224 1722 Etiam
1244 1656 1377 1721 severis·

129 1788 134 1800 ·
184 1763 256 1827 simi
275 1763 396 1847 judices
416 1765 596 1827 concedunt
614 1784 686 1826 eum
705 1762 740 1826 in
759 1762 931 1847 pingendis
952 1764 1050 1827 animi
1064 1763 1379 1848 perturbationibus,

184 1890 307 1944 amore,
342 1868 467 1945 furore,
501 1868 640 1946 invidia,
676 1869 749 1933 odio
786 1870 962 1952 novercali,
988 1870 1161 1935 ulciscendi
1185 1869 1378 1953 cupiditate,

185 1975 240 2040 sed
274 1975 371 2039 etiam
405 1975 631 2059 placidioribus
655 1976 821 2041 affectibus
846 1975 935 2040 velut
957 1997 1064 2040 amore
1089 1976 1272 2060 conjugali,
1296 1976 1377 2039 ami·

185 2080 260 2145 eitia
290 2085 359 2164 etc,
390 2082 488 2165 inque
519 2081 721 2147 miseratione
748 2082 917 2147 excitanda
949 2082 1256 2167 praestantissimum
1293 2105 1383 2164 esse,

185 2189 279 2273 idque
303 2210 340 2253 eo
366 2190 485 2253 maiore
507 2190 600 2253 laude
624 2189 758 2273 dignum
783 2193 846 2266 est,
871 2190 956 2274 quod
981 2190 1139 2254 neminem
1164 2192 1288 2255 secutus
1310 2189 1378 2272 ipse

187 2295 334 2359 omnibus
366 2294 592 2379 posterioribus
622 2295 657 2358 in
688 2294 774 2359 hisce
804 2294 980 2369 imitandus
1011 2296 1090 2373 fuit,
1120 2296 1302 2381 primusque
1325 2316 1375 2359 re-

186 2402 401 2487 praesentavit
423 2401 589 2465 hominuru
609 2402 765 2466 rationem
786 2423 856 2466 cum
871 2402 1051 2479 affectibus,
1064 2401 1290 2468 conscientiam
1303 2422 1375 2465 cum

186 2509 403 2593 voluptatibus
423 2511 633 2591 pugnantem.
653 2506 766 2592 Neque
784 2508 820 2572 in
839 2508 979 2573 moribus
999 2509 1168 2574 mulierum
1180 2508 1377 2573 illustrandis

186 2636 377 2699 quemquam
401 2613 464 2679 sibi
486 2612 599 2677 habuit
623 2636 741 2698 parem.

230 2720 333 2785 Huius
365 2742 431 2785 non
463 2724 510 2785 est
541 2720 602 2785 loci
632 2721 741 2784 omnia
763 2735 844 2805 quae
869 2724 908 2785 ad
933 2722 1000 2787 eius
1023 2722 1100 2786 artis
1122 2722 1281 2786 rationem
1304 2743 1377 2805 per-

182 2827 289 2891 tinent
307 2847 469 2891 recensere
489 2830 521 2891 et
542 2848 640 2909 usque
661 2829 700 2889 ad
722 2825 856 2891 leviores
875 2849 925 2892 res
937 2829 1093 2912 persequi.
1107 2828 1237 2893 Monere
1249 2830 1377 2892 tantum

184 2932 271 2997 volui
295 2954 335 2997 ne
359 2932 429 3017 quis
453 2953 489 2996 ea
513 2934 553 2995 ad
576 2933 729 3015 autiquae
751 2933 934 3015 tragoediae
957 2933 1083 3017 regulas
1103 2933 1292 3017 singillatim
1310 2932 1377 2995 axi·

184 3041 290 3123 geret,
326 3059 404 3103 neve
439 3037 678 3102 oblivisceretur
714 3041 885 3122 utrumque
917 3060 996 3124 opus
1020 3039 1061 3102 ad
1082 3040 1206 3105 diversa
1228 3040 1375 3121 tendere,

185 3167 287 3229 neque
310 3145 428 3209 idcirco
450 3143 589 3209 rationes
611 3144 756 3227 proprias
779 3144 865 3208 inter
887 3166 920 3209 se
943 3146 1119 3230 comparari
1144 3164 1243 3229 posse.

230 3250 334 3328 Nam,
360 3253 398 3314 ut
419 3254 499 3315 teste
522 3248 671 3315 Cicerone
695 3249 841 3315 Socrates
865 3250 1116 3335 philosophiam,
1142 3252 1186 3316 sic
1208 3251 1382 3336 Euripides

186 3358 383 3441 tragoediam
404 3356 441 3420 de
466 3356 553 3420 coelo
577 3356 738 3421 revocavit
761 3356 848 3421 etin
868 3357 1034 3422 hominum
1055 3358 1170 3422 animis
1190 3358 1378 3435 collocavit3

187 3483 250 3546 quo
282 3462 319 3527 lit
342 3466 378 3527 ut
401 3483 467 3525 non
491 3462 626 3546 amphus
650 3464 758 3526 omnia
783 3486 847 3528 uno
871 3467 981 3528 tenore
1004 3466 1140 3549 grandia
1162 3465 1229 3529 siut
1251 3465 1305 3529 sed
1327 3487 1377 3529 re-

187 3570 331 3635 missiora
354 3568 525 3654 aliquando
549 3570 708 3655 excipiant
732 3570 912 3654 magnifica.
936 3570 1090 3659 Homines
1110 3572 1215 3656 pinxit
1234 3566 1287 3636 olor
1300 3573 1377 3648 εἰσί,

187 3697 230 3741 sc.
263 3697 329 3740 non
360 3676 470 3760 utique
505 3678 689 3741 constantes
714 3681 746 3740 et
769 3676 810 3740 ad
835 3678 1014 3742 universam
1038 3679 1179 3762 speciem·
1196 3700 1378 3764 expressos,

189 3855 374 3863 Q·-

222 3963 249 4027 1)
267 3964 290 4011 N
293 3963 391 4012 auckius
411 3963 471 4012 mihi
497 3963 571 4013 nimio
589 3962 696 4013 acumine
713 3963 784 4012 huius
804 3964 840 4012 rei
856 3964 975 4013 rationem
991 3964 1080 4027 fingere
1097 3961 1192 4011 videtur
1211 3961 1249 4012 uhi
1266 3962 1324 4011 dicit
1341 3963 1379 4027 (in

188 4047 223 4095 ed.
247 4044 364 4094 Teubner.
389 4045 444 4095 vol.
469 4046 479 4095 l
502 4062 539 4110 pg.
563 4046 642 4110 XXX)
668 4061 741 4109 »quae
759 4045 988 4109 (philosophemata)
1005 4061 1052 4110 qno
1069 4044 1163 4093 facilins
1177 4044 1202 4093 in
1220 4048 1381 4109 spectatorum

188 4128 279 4177 animos
296 4144 320 4176 sa
335 4126 497 4187 insinuarent,
516 4127 546 4176 iis
563 4126 713 4193 potissimum
727 4126 933 4190 personistribnta
943 4128 1055 4186 videmus,
1064 4143 1123 4191 quas
1132 4127 1197 4176 ultra
1205 4128 1291 4190 vulgus
1298 4143 1380 4193 sapere

188 4226 235 4259 non
253 4210 314 4258 essct
332 4208 478 4274 probabile''.
927 4218 930 4223 '

221 4293 249 4354 2)
269 4294 303 4339 De
320 4308 366 4355 qua
384 4307 410 4340 ra
427 4292 480 4339 vide
496 4291 618 4340 verissima
635 4292 697 4355 apud
715 4290 885 4339 Iueuweninm
903 4306 941 4355 pg.
961 4292 993 4341 29
1011 4295 1036 4340 et
1053 4292 1085 4339 32
1099 4307 1150 4354 sqq.
1170 4290 1206 4340 Ab
1221 4290 1382 4355 Aristophane

186 4376 267 4421 tamen
293 4373 337 4421 hoc
361 4372 383 4421 si
408 4372 504 4422 crimini
529 4388 576 4422 non
603 4373 681 4421 datur.
706 4376 827 4421 Socratem
850 4372 1001 4421 Platonicum
1024 4372 1129 4437 primum
1146 4372 1242 4420 invenio
1262 4373 1379 4421 ridentem

187 4454 291 4519 (Oratyl.
316 4470 355 4520 pg.
374 4456 423 4505 425
441 4456 474 4519 D)
501 4462 581 4520 postas
606 4455 722 4519 tragicos,
750 4453 801 4510 nol,
818 4450 917 4502 ἐπειδάν
932 4472 958 4502 τι
981 4453 1117 4515 ἀπορῶσιν,
1135 4450 1178 4501 ἐπὶ
1194 4455 1243 4511 τὰς
1261 4455 1379 4515 μηχανὰς

188 4533 378 4598 καταφεύγουσι
396 4536 463 4593 θεοὺς
481 4534 614 4598 ἄίροντες,”

1243 4635 1258 4680 3
