3250 5217
828 434 872 499 oo

298 619 389 687 Nihil
425 619 525 705 igItur
561 618 742 683 mirandum
778 619 827 683 est
856 638 928 681 eum
955 614 1109 702 populum
1132 634 1276 699 quoque,
1298 612 1334 678 in
1357 610 1447 678 euius

254 728 373 792 finibus
392 726 534 804 habitet,
557 746 713 811 quemque
732 726 824 792 valde
842 723 975 810 diligere
986 725 1148 809 putandus
1159 722 1217 799 sit,
1228 719 1447 786 leniusfovere

254 854 349 919 quam
374 832 569 917 longinquos
592 831 783 917 ignotosque
806 830 962 895 homines.
986 829 1041 915 (ef.
1061 831 1172 893 annot.
1192 827 1226 891 iu
1245 847 1300 912 pg.
1319 826 1445 911 priore).

254 938 302 1005 At
330 943 425 1025 poeta
456 938 661 1003 admirationi
683 937 801 1001 theatri
823 936 998 1021 Aethiopes
1020 935 1172 1000 candidos
1194 933 1369 1019 speetautis
1391 953 1446 998 oe-

254 1047 445 1110 ourrendum
476 1044 616 1122 censuit,
647 1047 843 1129 quapropter
864 1044 900 1107 in
921 1043 1056 1128 prologo
1079 1041 1119 1106 ad
1142 1040 1363 1127 explicandam
1386 1039 1445 1104 ho-

255 1151 378 1217 miuum
400 1150 536 1235 speeiem
560 1149 745 1234 simpliciter
770 1149 868 1215 dixit:

457 1258 550 1337 θερμὴ
574 1254 602 1321 δ’
626 1254 758 1327 ἄνακτος
783 1253 869 1333 Φλῦξ
893 1254 1124 1334 ὑπερτέλλοντα
1147 1260 1206 1334 γῆς

459 1365 538 1429 καίει
562 1364 603 1428 τοὶ
627 1362 739 1449 πόρρω,
765 1362 926 1440 τάγγύθεν
949 1363 975 1426 δ’
999 1361 1123 1441 οῦιιρατ’
1147 1358 1213 1443 ἔχει
1229 1358 1274 1447 1),

255 1472 294 1536 de
317 1470 557 1556 quaestionibus
581 1470 779 1537 naturalibus
802 1491 877 1535 vero
900 1490 941 1534 ne
962 1469 1119 1554 cogitavit
1140 1468 1277 1552 quidem.

299 1577 385 1654 Quae
408 1577 631 1662 interpretatio
657 1576 735 1640 mihi
758 1576 933 1660 simplicior
952 1579 986 1640 et
1004 1574 1200 1661 probabilior
1211 1573 1337 1639 videtur
1347 1595 1444 1661 quam

253 1683 333 1769 legia
355 1683 512 1748 naturalis
536 1682 685 1767 auspiciu.

299 1899 329 1965 A
354 1899 420 1965 sole
442 1900 483 1965 ad
506 1900 616 1965 lunam
640 1898 812 1965 facillimus
835 1902 883 1964 est
905 1898 1071 1964 transitus.
1095 1898 1261 1983 Antigone
1284 1898 1318 1962 in
1342 1898 1445 1963 Phoe·

254 2006 349 2072 nissis
382 2008 494 2072 lunam
529 2006 574 2071 sio
610 2005 783 2091 alloquitur
815 2008 875 2091 (vs.
911 2005 1006 2092 175):
1039 2002 1285 2087 ὦλιοιαροζῦνον
1310 2006 1444 2086 θύγατερ

255 2112 361 2178 Ἀλίου
398 2112 559 2179 Σελαναία
568 2159 667 2190 .....
701 2112 757 2177 ubi
786 2112 823 2177 in
852 2111 953 2177 sohol.
982 2114 1174 2177 annotatum
1198 2115 1263 2177 est:
1288 2110 1445 2177 Hesiodus

255 2218 401 2284 Selenam
425 2218 507 2285 Solis
529 2202 715 2284 sororem
739 2218 835 2297 dicit,
860 2216 1043 2298 »Αἰσχύλος
1069 2218 1099 2283 δὲ
1123 2217 1175 2282 καὶ
1196 2218 1224 2282 οἱ
1247 2218 1446 2297 Φνσιιιῦτεροι

255 2325 481 2405 θυγατέρα,
504 2324 635 2404 παρόσον
659 2326 692 2390 ἐκ
716 2328 769 2389 τοῦ
793 2326 922 2399 ἡλιακοῦ
942 2324 1045 2402 sparte
1066 2323 1312 2403 μεταλαμβάνει
1332 2322 1445 2401 οὶμέλει

256 2431 308 2495 αα)
333 2433 405 2510 πρὸς
428 2432 487 2503 τοὶς
513 2432 649 2506 ἧλιαιιοὶσ
674 2430 862 2502 ὑποστάσεις
886 2435 1142 2511 μεταμορφοῦται
1169 2433 1187 2505 ἡ
1210 2429 1353 2506 σε’λιὶνν”.

302 2534 403 2612 Quam
426 2536 609 2621 opinionem
633 2537 668 2601 in
692 2536 790 2602 sohol.
816 2538 857 2600 ad
879 2538 1014 2601 Aratum
1037 2538 1080 2620 (v.
1105 2535 1185 2623 455)
1208 2536 1244 2600 in
1265 2536 1446 2601 universum

256 2642 428 2723 ›tragicis’'
450 2643 603 2707 tribuitur
616 2648 649 2727 ²).
665 2642 699 2708 Si
710 2645 904 2728 spectatores
915 2664 1079 2708 censemus
1090 2644 1242 2708 contiuuo
1254 2643 1446 2710 intellexisse

255 2747 402 2814 Selenam
432 2748 503 2813 ideo
534 2748 616 2815 Solis
644 2748 742 2813 filiam
774 2749 882 2814 voeari
914 2750 990 2835 qnia
1021 2748 1130 2816 lumen
1159 2750 1200 2815 ab
1231 2772 1268 2816 eo
1291 2751 1446 2835 accipiat,

255 2856 433 2919 statuamus
468 2876 593 2921 neeesse
624 2859 673 2920 est
702 2855 763 2920 hoe
791 2855 979 2941 jamdudum
1011 2859 1122 2921 notum
1147 2855 1253 2923 fuisse.
1287 2856 1445 2921 Neorion

255 2959 341 3025 inter
369 2960 576 3047 philosophos
608 2961 824 3027 Anaximenes
854 2962 1061 3028 Parmenides
1082 2962 1291 3047 Empedocles
1313 2961 1445 3027 Anaxa·

255 3088 350 3153 goras
372 3068 457 3134 idem
483 3068 666 3133 docuerant.

302 3278 382 3347 Oum
403 3282 528 3347 loeutus
551 3304 622 3346 eum
646 3282 686 3346 de
708 3282 809 3347 animi
836 3285 869 3347 et
892 3282 1031 3367 eorporis
1049 3283 1083 3347 in
1102 3286 1203 3348 morte
1222 3283 1444 3357 dissolutione,

256 3387 315 3452 hos
338 3388 481 3453 senarios
504 3388 601 3453 citavi
623 3393 690 3473 (pg.
717 3389 814 3473 147):

417 3493 482 3559 ὁδ’
507 3492 575 3573 ἄρτι
600 3494 722 3561 θάλλων
745 3494 846 3575 σιὶριια
870 3495 1009 3569 διοπετὴς
1034 3490 1113 3567 ῦπαρ

416 3603 514 3678 οὶστῦρρ
539 3600 686 3679 ἀπέσβη,
711 3602 825 3678 πνεῦμ’
850 3603 951 3683 doeio·
968 3604 1011 3673 εἷς
1036 3602 1139 3683 αἰθέρα
1164 3602 1217 3688 (fr.
1242 3604 1332 3689 961).

303 3705 400 3792 Apud
432 3707 657 3793 Plutarchum,
691 3706 739 3773 De
769 3710 893 3774 defectu
924 3730 1007 3776 orae.
1040 3728 1094 3794 pg.
1119 3710 1203 3787 416,
1228 3708 1448 3775 Cleombrotus

256 3813 307 3877 his
328 3812 470 3878 illustrat
495 3814 681 3898 opinionem
704 3816 851 3880 naturam
872 3816 1073 3900 proposuisse
1092 3816 1222 3881 deorum
1239 3821 1272 3881 et
1283 3816 1448 3882 hominum

256 3919 346 3984 velut
368 3920 516 4005 exempla
540 3925 573 3985 et
594 3920 768 4005 imagines,
792 3924 924 3986 deorum
947 3921 1068 3987 scilieet
1088 3921 1186 3987 solem
1206 3926 1349 4003 aare,
1362 3944 1448 3987 mor·

292 4233 319 4295 1)
338 4232 374 4282 Ol.
402 4232 522 4293 Weleler,
549 4234 587 4283 die
610 4234 705 4285 Grieeh.
729 4238 800 4300 trag..
824 4238 878 4294 oet,
900 4236 928 4284 ΙΙ
950 4252 989 4302 pg.
1007 4236 1068 4285 δῦθι
1089 4252 1138 4287 ‚wo
1156 4236 1267 4302 libripens
1284 4238 1338 4289 dem
1355 4239 1449 4287 Numen
1559 4240 1563 4246 '

258 4315 391 4380 Aethiopeu
418 4331 471 4365 aum
498 4316 584 4377 Treta,
610 4317 648 4366 die
670 4319 749 4368 Sonus
773 4316 841 4368 nieht
862 4317 995 4379 breuueud,
1022 4319 1060 4368 die
1076 4320 1133 4369 Lult
1150 4318 1245 4369 lieblieh
1261 4321 1389 4385 gemimigt
1404 4320 1449 4379 iet,

257 4413 316 4463 gana
332 4397 453 4448 nsttrlioh
470 4397 514 4447 wie
530 4398 597 4456 hier,
616 4399 661 4448 wie
677 4400 702 4449 iu
719 4401 765 4449 deu
781 4401 902 4450 llrdsoheu
920 4402 958 4451 die
974 4403 1053 4452 Souue
1069 4402 1111 4451 der
1123 4402 1257 4452 Unterwelt
1270 4402 1302 4452 iet
1315 4401 1359 4452 wie
1372 4401 1449 4452 hier.''

291 4480 319 4545 2)
337 4480 472 4529 Bedhmus
496 4496 553 4530 vero
577 4497 621 4545 pro
638 4480 712 4531 ἁλίον
730 4482 856 4547 legendum
871 4484 996 4549 proposuit
1013 4486 1129 4543 Λατοῦς,
1143 4484 1324 4535 esseutientihus
1338 4484 1449 4535 Narelia

257 4565 281 4611 et
300 4562 447 4611 Hermanno.
