3250 5217
176 594 207 656 et
230 590 389 655 Pindarus
412 590 477 676 (01.
503 590 530 656 1.
556 592 634 677 eo):

272 695 309 763 ύν
333 699 359 762 ci
383 700 485 776 τατδςρ
510 698 720 779 ὑπερκρέμασε
744 700 886 778 καρτερδν
910 701 993 781 αύτῷ
1016 701 1145 779 λύύον,

268 804 320 869 τδν
343 805 403 869 αἰεὶ
428 812 566 882 μενοινῶν
591 808 736 886 κεφαλᾶς
761 804 876 882 βαλεῖν
899 805 1085 887 εὐφροσύνας
1110 810 1241 872 ύλοῖταν.

220 910 334 996 Neque
357 932 416 996 ego
436 912 558 976 inistis
579 911 698 976 Orestis
718 912 860 976 versibus
880 912 967 976 aliud
987 913 1160 997 quidquam
1174 914 1364 999 riderepos·

175 1040 245 1082 sum
281 1018 344 1081 nisi
378 1039 529 1103 magnam
563 1041 675 1103 rupem
710 1020 944 1103 quodammodo
981 1042 1076 1103 supra
1107 1019 1237 1085 Tantali
1268 1027 1364 1106 caput

174 1146 380 1209 suspensam,
411 1147 506 1209 quam
538 1126 835 1211 interpretationem
864 1126 1028 1190 nonnullis
1050 1126 1174 1209 placere
1196 1127 1231 1191 in
1254 1128 1365 1193 iisdem

174 1230 304 1296 scholiis
328 1230 553 1318 affirmatur1).
913 1244 916 1249 '

220 1337 342 1403 Verum
372 1339 407 1403 in
431 1339 591 1423 insignem
613 1339 804 1425 minimeque
824 1340 1034 1424 spernendam
1055 1340 1246 1405 sententiam
1269 1342 1368 1405 incidi

174 1446 260 1529 apud
284 1446 487 1530 scriptorem,
511 1467 604 1530 quem
628 1449 665 1509 ut
676 1446 736 1511 hec
749 1447 787 1511 de
798 1468 832 1511 re
845 1448 1041 1511 consulerem
1054 1446 1133 1510 mihi
1145 1470 1319 1532 numquam
1332 1448 1367 1511 in

174 1545 315 1615 mentem
334 1551 479 1616 venisset.
502 1550 643 1629 (loethe,
661 1555 755 1635 poeta
767 1552 912 1616 omnium
925 1552 1165 1636 disciplinarum
1178 1574 1313 1637 gnarus,
1326 1555 1367 1616 ad

173 1656 338 1742 Euripidis
360 1658 591 1723 Phaethontem
611 1659 711 1743 (cuius
729 1656 994 1723 instaurationem
1014 1659 1210 1743 propositam
1230 1660 1367 1724 maximo

175 1784 248 1827 cum
273 1764 350 1829 artis
373 1763 563 1829 detrimento
587 1764 736 1848 perficere
760 1786 827 1829 non
850 1766 970 1850 potuit)
994 1766 1033 1828 de
1056 1764 1112 1828 illa
1125 1753 1366 1849 vocequaedam

175 1870 347 1934 annotarit
377 1869 534 1955 (Simmtl.
568 1870 621 1935 W.
654 1870 817 1956 stuttgart
837 1870 927 1937 Tom.
948 1869 996 1954 V,
1016 1892 1070 1955 pg.
1094 1870 1369 1950 admonuerit

175 1977 314 2060 primum
345 1976 556 2041 Phaethontis
590 1999 695 2042 casum
731 1962 794 2041 uno
829 1980 956 2040 tantum
981 1977 1120 2041 tonitrus
1143 1978 1279 2062 strepitu
1303 1980 1366 2064 sig·

175 2083 343 2148 nificatum
374 2083 496 2148 nullam
527 2084 607 2148 coeli
638 2083 910 2168 perturbationem
943 2082 1100 2160 effecisse,
1123 2083 1249 2168 qualem
1274 2083 1367 2150 Non·

176 2213 236 2255 nus
261 2195 294 2255 et
318 2190 448 2255 Ovidius
472 2190 652 2267 finxerunt,
677 2192 731 2255 sed
755 2192 865 2254 eodem
887 2191 982 2255 modo
1007 2190 1149 2254 evenisse
1173 2190 1272 2255 veluti
1296 2212 1368 2256 cum

210 2493 238 2558 1)
257 2492 397 2541 curaturus
413 2492 487 2541 ctiam
504 2494 587 2541 narrat
603 2491 738 2550 Tantalum,
756 2492 819 2555 quod
835 2491 902 2541 velut
918 2494 1070 2556 Anaxagoras
1079 2492 1152 2541 solem
1161 2492 1262 2557 lapidem
1272 2491 1369 2554 igneum

176 2574 288 2633 dixisset,
311 2590 339 2623 eo
356 2574 426 2624 modo
443 2574 471 2623 ab
489 2574 540 2639 ipso
560 2574 609 2623 sole
625 2575 737 2639 punitum
758 2577 818 2623 esset
839 2574 882 2638 (ed
899 2575 983 2638 Odyss.
1002 2575 1047 2623 XI.
1066 2575 1140 2638 58l):
1160 2571 1235 2622 dhara
1253 2571 1280 2621 δὲ
1297 2574 1370 2635 φιλύ-

177 2663 253 2720 σοφον
277 2658 403 2719 γεγονότα
425 2657 468 2705 τὸν
494 2655 623 2705 Τάνταλον
641 2646 745 2723 δοξάσαι
764 2652 832 2705 εἶτον
851 2654 940 2718 μύδρον
957 2639 1022 2705 εἶναι’
1037 2657 1080 2705 τδν
1096 2656 1164 2713 ἥλιον
1182 2654 1225 2705 καὶ
1243 2655 1277 2717 μὴ
1295 2652 1369 2715 σῶμύ

177 2756 202 2805 τν
227 2738 290 2788 telos
313 2738 355 2787 καὶ
374 2737 453 2802 γέμον
470 2736 577 2801 ἀρρήτων
595 2737 733 2800 δυνάμεων,
751 2738 801 2787 tter
822 2736 893 2793 ἡλίου
912 2741 984 2802 χόλῳ
1003 2736 1162 2800 τιμωρεῖσθαι
1181 2737 1249 2787 λίύον
1268 2735 1373 2794 διηνεκεῖ

177 2824 309 2886 καταφορᾷ
332 2820 467 2882 ἠρτημένου
488 2823 586 2884 χρυσῆς
603 2820 645 2869 καῖ
663 2820 694 2878 ὡς
712 2820 788 2870 εἰπεῖν
805 2818 925 2879 ἣλνύδονς
943 2818 1056 2878 οδλύσεως
1075 2849 1108 2858 -
1125 2821 1203 2883 Ἡλίῳ
1220 2822 1270 2884 γδιρ
1288 2817 1302 2874 ἡ
1321 2821 1368 2868 τού

177 2905 276 2964 χρυσοῦ
302 2902 348 2961 itan
374 2902 504 2953 ύνακεῖται
527 2932 559 2941 -
582 2904 622 2951 ‘lua
644 2902 699 2965 τερδ
719 2902 734 2951 t
755 2901 873 2965 ’ύσφαλτσ
899 2900 987 2952 ἐκεῖθεν
1005 2900 1042 2960 &ln
1060 2892 1129 2965 αύτῷ
1148 2901 1162 2957 ἡ
1181 2902 1264 2960 τοινδς,
1282 2900 1371 2951 Σύνωύεν

177 2982 272 3042 δηλαδὴ
295 2985 338 3034 καὶ
355 2987 396 3035 aa
417 2984 535 3043 ἥλιύδους
552 2986 613 3043 ύλκς
631 2986 673 3035 καὶ
690 2984 731 3035 aa
750 2985 834 3044 λίύου,
851 2984 879 3043 ὃς
897 2984 926 3043 δὴ
943 2984 1055 3046 δμοεύδνς
1077 3003 1117 3043 τις
1134 2990 1169 3047 τῷ
1189 2983 1271 3046 μύδρῳ
1291 2981 1371 3034 ἐστίν,

210 3069 273 3118 'Pota
294 3084 332 3117 res
354 3070 415 3119 mihi
437 3068 540 3118 tenebris
561 3068 662 3119 obducta
678 3070 781 3119 videtur.
800 3068 906 3117 Omnino
924 3067 1008 3117 notatu
1026 3068 1126 3131 dignum
1143 3069 1257 3132 estquod
1275 3067 1371 3116 nonnisi

176 3151 248 3215 pauci
269 3151 365 3215 quidem
388 3154 412 3200 et
434 3154 539 3201 recentes
562 3154 670 3200 auctores
692 3150 814 3215 Euripidis
832 3150 1008 3200 consensionem
1025 3166 1079 3199 cum
1097 3151 1237 3213 Anaxagora
1254 3148 1369 3198 referunt.

178 3233 330 3282 Placitorum
346 3232 406 3298 phil.
423 3233 539 3298 scriptor,
558 3232 600 3297 qui
617 3247 686 3297 saepe
701 3232 861 3296 Anaxagoreis
877 3232 993 3296 dogmatis
1008 3231 1164 3295 congruentia
1178 3221 1301 3296 Euripidis
1315 3230 1371 3280 sub·

174 3313 243 3378 ficit,
261 3315 305 3364 hoc
323 3316 410 3365 omisit
428 3316 496 3380 Quae
513 3314 594 3365 omnia
610 3331 648 3364 mc
665 3317 790 3364 moverunt
807 3317 835 3364 ut
851 3314 886 3363 sic
902 3330 927 3363 se
943 3330 995 3364 rem
1013 3312 1100 3363 hahere
1116 3313 1265 3376 conjicerem.

211 3400 243 3447 In
268 3396 361 3446 Orestis
385 3396 492 3446 'versibus
517 3396 608 3462 opinati
630 3400 687 3445 sunt
713 3396 820 3461 glebam,
835 3411 897 3461 quas
915 3396 992 3445 media
1008 3396 1072 3445 inter
1088 3394 1181 3445 coelum
1197 3400 1222 3444 et
1238 3399 1328 3444 terram
1344 3395 1370 3444 in

178 3485 232 3531 atre
254 3481 380 3546 penderet,
399 3479 461 3529 nihil
478 3480 544 3529 aliud
560 3478 692 3543 significare
710 3494 776 3545 posse
794 3479 841 3529 nisi
858 3480 940 3529 solem.
959 3480 1023 3529 Nem
1041 3478 1113 3528 schol.
1133 3478 1203 3536 Piud.
1221 3478 1263 3542 (ed
1281 3478 1320 3527 Ol.
1338 3479 1370 3538 Ι),

177 3578 249 3626 quem
265 3562 329 3611 huna
344 3562 423 3611 locum
438 3562 554 3627 respicere
568 3561 649 3612 nullus
663 3561 759 3622 dubito,
776 3561 847 3612 dicit:
861 3558 920 3610 ’teror
934 3559 961 3609 δὲ
975 3559 1094 3609 ἂκούονσο
1106 3561 1149 3609 τδν
1164 3558 1253 3622 τέτρον
1268 3557 1309 3609 ἔτ)
1324 3562 1370 3608 τού

178 3641 257 3698 ἡλίου.
280 3644 323 3692 τδν
345 3645 394 3706 γδιρ
417 3643 547 3693 Τάνταλον
569 3644 721 3707 φυσνύλογον
743 3645 872 3706 γενόμενον
896 3641 938 3691 κα)
956 3640 1045 3704 μύδρον
1062 3639 1226 3704 ἀποφήναντα
1244 3643 1287 3691 τὸν
1304 3642 1372 3699 thies

179 3721 220 3774 tet
245 3723 328 3787 τούτῳ
346 3722 416 3784 δίκας
434 3722 569 3788 ύτοσχεΐν,
595 3723 678 3774 ύύστε
698 3724 752 3774 καὶ
769 3722 1001 3787 ἓτανωρεῖσύαν
1025 3722 1112 3788 αύτῷ
1136 3725 1190 3773 τδν
1207 3724 1310 3782 darer,
1328 3722 1372 3787 ὑφ’
1455 3724 1457 3728 ’

180 3802 196 3869 ᾧ
215 3804 394 3868 δενματούσύαι
409 3806 451 3856 καὶ
466 3806 663 3864 καταπτήσσειν.
682 3810 764 3873 Quum
778 3809 850 3857 simul
865 3809 890 3857 in
899 3808 1007 3858 animum
1016 3808 1108 3857 reniret
1120 3808 1267 3871 Anaxagorei
1275 3808 1371 3873 placiti,

179 3888 203 3939 iu
229 3894 343 3956 prompta
368 3894 420 3940 erat
445 3890 530 3940 testari
553 3891 694 3956 Euripidem
716 3891 790 3942 solem
812 3906 905 3940 vocasse
930 3887 1042 3952 χρυσέαν
1068 3892 1162 3951 βῶλον,
1186 3890 1215 3939 ad
1238 3890 1372 3955 exemplum

178 3973 345 4038 praeceptoris.
364 3974 419 4037 Quo
436 3974 518 4022 andito
535 3974 596 4022 alius
609 3975 727 4040 quispiam
742 3990 829 4039 parum
843 3973 971 4037 diligenter
986 3972 1098 4021 instituta
1112 3972 1214 4022 lectione
1228 3974 1332 4021 affirmat
1345 3972 1372 4021 in

179 4055 328 4105 Phaethonte
351 4056 425 4105 solem
442 4056 477 4105 ita
494 4057 587 4116 vocari,
605 4057 717 4121 quoniam
734 4056 825 4106 scilicet
842 4056 868 4105 in
885 4055 931 4104 hoc
947 4056 1054 4104 dramate
1072 4055 1101 4103 da
1118 4053 1168 4103 sols
1184 4055 1303 4120 plurimus
1321 4057 1373 4103 erat

179 4154 257 4188 sermo
271 4138 324 4203 (qui
333 4154 402 4188 error
412 4139 494 4188 eadem
504 4139 596 4188 ratione
605 4156 619 4188 a
628 4138 763 4188 Matthiaeo
772 4138 924 4203 explicatur).
934 4138 974 4186 Sic
990 4153 1033 4202 per
1042 4137 1119 4186 varias
1127 4135 1236 4201 ambages
1245 4140 1270 4186 et
1279 4152 1373 4187 errores

180 4237 207 4271 eo
229 4222 338 4271 venimus
359 4222 517 4281 confusionis,
540 4224 567 4271 ut
590 4220 619 4271 ab
641 4221 749 4271 omnibns
766 4221 815 4271 iam
832 4223 1025 4284 quaeraturque
1042 4219 1206 4269 tandemloco
1223 4220 1280 4268 Eur.
1298 4218 1373 4268 solem

180 4306 299 4355 vocaverit
316 4302 428 4367 χρυσέαν
446 4307 538 4367 βῶλον,
556 4320 598 4354 neo
616 4304 757 4368 conjecturis
775 4302 889 4353 abstineri
905 4318 973 4368 posse
987 4303 1097 4352 rideatur
1112 4304 1140 4352 ut
1154 4301 1176 4350 ei
1191 4301 1334 4351 restituatur
1347 4300 1372 4348 id

181 4390 243 4453 quod
260 4405 391 4453 numquam
406 4388 505 4437 dixerit!
965 4376 969 4380 ’

214 4472 295 4520 Sentio
312 4475 392 4520 tamen
408 4470 524 4519 incertam
541 4485 590 4519 esse
608 4469 775 4533 suspicionem,
795 4484 869 4532 qnare
885 4484 937 4515 earn
954 4467 1048 4516 nonnisi
1066 4468 1091 4515 in
1107 4468 1260 4516 annotatione
1274 4465 1373 4516 minutis

182 4569 313 4619 expressam
330 4553 396 4618 typis
414 4544 522 4617 prolerre
539 4568 608 4601 ausus
624 4567 685 4601 sum.
