3250 5217
769 430 811 493 87

198 610 318 675 bratur.
353 608 383 675 A
416 610 478 675 diis
510 610 693 677 hominibus
727 611 835 674 omnia
868 610 1019 687 veniunt3
1053 610 1136 675 nihil
1167 632 1220 676 eos
1250 612 1330 677 latet
1343 610 1380 699 1).

196 714 356 800 Imprimis
386 714 511 802 Jupiter
542 717 657 783 dicitur
684 716 826 782 omnium
861 737 966 781 rerum
1001 738 1067 781 esse
1102 737 1221 802 gnarus
1255 720 1288 782 et
1319 738 1379 802 po-

193 824 281 899 tens3
313 821 413 886 totius
443 822 555 889 mundi
586 823 753 908 imperium
785 824 889 900 must,
923 822 1066 886 omnium
1088 844 1194 888 rerum
1216 826 1265 887 est
1287 823 1377 907 prin-

194 926 310 1011 cipium
324 926 361 1014 Β).

237 1032 289 1100 Sic
314 1032 459 1119 Jupiter²
484 1056 554 1099 oum
578 1034 613 1099 in
636 1057 707 1100 eum
731 1057 855 1099 summa
874 1034 1069 1100 conferretur
1088 1039 1246 1119 potestas,
1267 1036 1378 1120 paula·

193 1140 251 1203 tim
275 1140 426 1205 successit
447 1140 481 1203 in
504 1141 609 1205 locum
632 1144 739 1221 pcr'par
759 1140 956 1206 Homericae.
975 1139 1045 1206 Nec
1056 1141 1181 1208 mirum.
1206 1141 1377 1227 Postquam

193 1247 278 1311 enim
301 1247 368 1331 ipse
391 1246 473 1310 nulli
496 1247 647 1331 pravitati
670 1248 845 1325 obnoxius,
870 1268 994 1311 morum
1018 1251 1203 1312 sanctorum
1226 1252 1380 1332 patronus

192 1354 315 1431 certus,
340 1352 427 1418 ultor
449 1352 601 1417 scelerum
624 1375 749 1419 severus
773 1354 858 1418 visus
882 1357 948 1431 est,
973 1353 1055 1417 nihil
1074 1354 1212 1439 amplius
1232 1354 1381 1419 obstabat

193 1457 364 1543 quominus
395 1460 425 1523 ei
454 1481 614 1524 summum·
634 1481 738 1525 rerum
763 1460 931 1544 imperium
954 1460 1138 1525 deferretur.
1163 1458 1270 1524 Etiam
1294 1482 1380 1525 nuno

194 1566 322 1651 quidem
359 1574 449 1646 μοῖραι
485 1587 577 1650 saepe
612 1570 876 1631 commemoratur
909 1588 968 1631 noc
998 1588 1063 1631 non
1095 1569 1195 1651 ccxl,
1228 1567 1283 1632 sed
1314 1588 1379 1631 non

194 1672 332 1756 amplius
354 1671 480 1757 Jupiter
494 1672 626 1737 diversa
648 1674 747 1757 petit3
771 1673 806 1736 in
830 1673 913 1737 idem
937 1694 1056 1737 numen
1080 1672 1145 1738 fere
1169 1672 1293 1739 confusi
1314 1696 1380 1738 esse

194 1777 361 1855 videntur,
393 1780 426 1842 et
455 1780 538 1857 auxi
568 1778 654 1842 lacta
682 1782 729 1843 est
755 1777 846 1843 Jovis
868 1778 945 1845 filia.
970 1778 1105 1843 Miretur
1128 1778 1197 1864 quis
1221 1781 1380 1864 quomodo

193 1886 307 1967 poetae
338 1884 416 1948 haec
447 1885 555 1949 omnia
579 1907 651 1949 cum
675 1885 760 1949 notis
785 1884 915 1949 deorum
938 1884 1024 1949 vitiis
1046 1883 1239 1970 flagitiisque
1263 1906 1379 1951 conve-

194 1989 264 2054 nire
295 1990 488 2075 putaverint
521 1991 665 2056 Primum
694 1990 843 2056 videntur
867 1990 944 2054 mihi
968 1990 1110 2054 nondum
1135 2012 1291 2056 summam
1315 1992 1381 2055 vir·

195 2098 295 2161 tutem
331 2096 366 2161 in
396 2097 435 2162 iis
464 2098 670 2175 desiderasse3
706 2097 790 2182 grati
818 2096 919 2181 igitur
948 2096 1185 2161 venerabantur
1207 2098 1380 2181 quodquod

194 2202 370 2286 sapientiae
396 2202 600 2288 justitiaeque
631 2204 855 2268 documentum
881 2201 1168 2286 deprehendebant.
1200 2202 1283 2267 Tum
1305 2182 1380 2287 quia

194 2329 261 2373 non
285 2310 460 2374 necessario
483 2310 506 2373 ii
529 2310 633 2395 mythi
655 2310 711 2394 qui
734 2330 842 2374 eorum
864 2308 1054 2393 pravitatem
1073 2309 1284 2400 ostendebant
1294 2311 1380 2374 trac·

192 2415 286 2480 tundi
316 2418 425 2494 erant,
460 2416 704 2500 discrepantiam
740 2438 812 2480 raro
843 2415 1149 2480 animadvertebant.
1180 2414 1249 2481 Nec
1271 2420 1379 2481 tamen

195 2518 370 2586 Pindarum
389 2524 473 2586 certo
493 2544 561 2587 eam
581 2522 698 2607 fugisse
710 2522 872 2589 luculenta
885 2522 1038 2606 quaedam
1050 2520 1213 2586 declarant
1225 2523 1377 2606 exempla.

195 2626 378 2711 Aliquando
401 2629 485 2693 enim
508 2629 543 2693 in
566 2629 669 2693 media
693 2629 875 2693 narratione
897 2628 1043 2693 subsistit
1066 2649 1124 2693 nec
1141 2649 1273 2713 pergere
1291 2628 1379 2706 uult,

194 2731 330 2799 honesta
361 2738 487 2800 tantum
518 2736 557 2800 de
586 2735 646 2800 diis
677 2736 836 2800 narranda
860 2757 926 2799 esse
947 2737 1069 2799 testans
1092 2733 1157 2819 (Ol.
1181 2734 1206 2799 l,
1234 2734 1286 2813 35,
1312 2734 1379 2822 52).

194 2837 282 2904 Alibi
305 2840 400 2926 plane
419 2841 569 2906 enunciat
592 2840 810 2906 celandum
834 2863 900 2906 esse
920 2839 948 2905 el
965 2865 1011 2913 τις
1032 2840 1206 2920 ἀνθρώποισι
1227 2841 1378 2914 tetriora

195 2944 261 3010 circ
292 2948 469 3028 προστύχοι.
500 2946 550 3014 Sic
581 2951 638 3012 est.
669 2947 703 3015 si
733 2948 848 3033 quibus
871 2948 1001 3012 deorum
1026 2949 1142 3011 natura
1164 2969 1183 3010 a
1206 2947 1378 3013 maioribus

194 3054 314 3118 tradita
344 3059 376 3119 et
405 3055 498 3120 amul
528 3076 636 3119 eorum
666 3055 819 3119 sanctitas
843 3076 935 3119 curae
957 3058 1043 3132 erat,
1067 3075 1120 3118 eos
1143 3053 1288 3118 existimo
1312 3075 1378 3119 non

150 3158 153 3164 ’
194 3159 366 3245 diligenter
399 3160 644 3246 pervestiganda
679 3162 733 3226 sed
765 3160 896 3225 celanda
930 3160 1035 3245 potius
1070 3182 1169 3245 prava
1202 3159 1378 3239 censuisse,

194 3269 227 3329 et
258 3265 302 3329 sic
331 3264 450 3331 iactum
482 3288 548 3332 esse
579 3270 616 3331 ut
639 3288 704 3332 non
728 3266 944 3351 perspicerent
967 3266 1045 3331 duas
1065 3265 1138 3331 illas
1160 3287 1211 3331 res
1234 3266 1377 3352 colligari

195 3391 261 3435 non
285 3393 386 3457 posse.

241 3475 450 3543 Transeamus
484 3480 522 3544 ad
558 3480 835 3560 Herodotum,
869 3479 924 3565 qui
957 3478 1123 3565 Sophoclis
1154 3479 1377 3565 Euripidisque

197 3584 337 3670 aequalis
368 3588 422 3651 sed
453 3586 667 3673 antiquiorum
699 3587 886 3671 opinionum
918 3590 1055 3651 sectator
1084 3588 1190 3671 aptius
1222 3589 1378 3653 tactatur

196 3695 271 3755 ante
300 3694 410 3777 poetas
440 3693 586 3778 tragicos.
615 3692 655 3758 In
678 3715 715 3758 eo
738 3696 814 3757 ante
837 3693 944 3757 omnia
967 3693 1070 3758 elucet
1092 3693 1252 3778 persuasio
1276 3693 1377 3759 imbe-

194 3796 336 3863 cillitatis
359 3798 532 3878 humanae;
558 3821 654 3885 quam
677 3799 732 3886 qui
755 3806 821 3865 non
842 3802 1019 3883 agnoscant
1038 3799 1164 3883 superbi
1182 3802 1223 3864 ad
1241 3800 1373 3865 nimiam

193 3904 371 3988 potentiam
404 3907 588 3986 tendentes,
623 3888 746 3991 diisque
778 3928 811 3971 se
845 3905 909 3971 iere
938 3908 1128 3992 aequantes,
1153 3927 1206 3971 eos
1229 3905 1375 3971 funditus

194 4012 397 4077 exterminari
419 4015 521 4098 putat.
545 4012 627 4088 Quin
650 4034 686 4079 eo
708 4013 852 4099 procedit
874 4016 909 4078 ut
933 4012 1028 4077 etiam
1051 4011 1123 4077 illos
1146 4012 1305 4097 perituros
1325 4035 1376 4078 ex·

193 4117 329 4197 istimet‚
352 4119 408 4203 qui
428 4119 469 4183 ab
488 4118 663 4185 ambitione
682 4123 715 4185 et
732 4118 879 4203 superbia
898 4118 988 4184 vacui
1007 4118 1075 4183 sola
1096 4118 1230 4183 fortuna
1238 4120 1373 4204 juvante

226 4402 255 4468 1)
269 4402 373 4469 'l'heogn
391 4404 454 4465 134,
471 4403 520 4459 171
537 4421 570 4470 sq.
588 4403 679 4456 Archil.
696 4402 761 4459 Tctr.
778 4403 808 4455 ir.
829 4405 868 4454 bb.
887 4404 956 4455 Pind.
977 4404 1056 4456 01.1.
1074 4404 1115 4455 bt.

227 4484 256 4551 1)
274 4484 364 4537 Arcbil.
384 4486 451 4553 epod.
474 4489 513 4538 88.
536 4488 626 4539 Simon.
647 4489 745 4553 Amorg.
766 4488 797 4539 lr.
816 4488 840 4538 li
856 4487 974 4553 Torpaud.
991 4488 1024 4537 lr.
1044 4488 1067 4539 1.
1084 4484 1121 4545 tle
1137 4489 1195 4539 Ata.
1213 4485 1282 4537 Pind.
1299 4485 1374 4550 Pyth.

199 4566 240 4619 v1.
258 4569 290 4619 28
308 4584 358 4636 sqq.
