3250 5217
760 370 800 436 71

234 530 388 628 Quoniam
408 550 522 636 tragici
542 572 651 616 omnes
671 550 705 614 in
726 574 762 615 ea
782 547 931 636 opinione
946 551 1042 617 fuisse
1053 552 1222 634 videntur,
1234 555 1376 639 suspicor
1477 537 1481 543 ’

182 680 253 723 eam
284 658 476 723 senteutiam
505 656 544 722 iis
568 655 763 742 temporibus
787 658 865 723 satis
890 658 1051 743 vulgarem
1075 659 1190 738 fuisse,
1216 661 1268 726 vel
1291 664 1376 726 certe

172 762 408 829 ‘eruditioribus
441 763 624 829 hominibus
659 764 859 846 innotuisse,
895 786 997 850 neque
1029 764 1129 850 igitur
1163 766 1375 852 Anaxagorae
1470 843 1472 848 ,

179 871 236 936 sed
267 869 432 935 vetustiori
461 868 587 935 cuidam
616 869 805 955 philosopho
835 870 960 953 deberi,
990 871 1078 936 cuius
1103 894 1219 938 nomen
1243 895 1315 937 cum
1340 874 1376 938 in

180 976 376 1042 oblivionem
406 976 539 1055 abisset,
564 978 605 1040 ad
628 974 880 1054 Clazomenium,
904 976 959 1061 qui
982 998 1051 1042 eam
1076 978 1273 1063 adoptasset,
1299 1002 1374 1045 auc·

180 1083 345 1148 toritatem
369 1082 557 1148 translatam
582 1103 656 1148 esse.

227 1296 494 1382 Philosophorum
517 1298 721 1382 physicorum
745 1296 868 1368 animos
892 1297 971 1362 haec
996 1320 1120 1383 quoque
1145 1299 1290 1384 quaestio
1314 1301 1376 1365 im·

182 1402 295 1487 primis
327 1403 484 1488 agitabat,
512 1407 618 1468 utrum
642 1404 677 1468 in
700 1402 887 1468 animalium
914 1405 1118 1488 generatione
1141 1428 1209 1470 mas
1231 1406 1317 1471 solus
1336 1428 1378 1472 an

183 1511 218 1573 et
247 1509 367 1575 femina
398 1530 504 1574 semen
536 1508 695 1594 praebeat.
723 1508 828 1573 Erant
849 1509 905 1594 qui
928 1513 1160 1575 contenderent
1184 1533 1249 1576 non
1273 1512 1378 1577 minus

184 1614 339 1681 feminam
358 1636 454 1701 quam
474 1638 592 1680 marem
613 1638 680 1681 esse
700 1616 785 1680 vitae
804 1620 984 1693 auctorem3
1003 1615 1115 1701 reliqui
1136 1639 1255 1682 marem
1275 1618 1376 1683 solum

182 1743 292 1787 semen
314 1722 482 1807 praebere,
501 1722 586 1787 unde
605 1722 708 1787 foetus
729 1726 928 1801 nasceretur,
948 1722 1102 1787 feminam
1114 1724 1219 1788 locum
1232 1707 1383 1805 tantum,

183 1828 276 1912 quasi
306 1849 441 1913 agrum,
466 1831 499 1893 et
526 1826 686 1893 alimenta.
718 1826 812 1891 Hanc
843 1828 1036 1893 sententiam
1074 1826 1186 1895 Valclr.
1221 1830 1288 1915 (pg.
1322 1830 1378 1916 29)

182 1934 283 1998 refert
304 1932 390 1999 inter
411 1934 530 2019 placita
553 1934 593 1998 ab
615 1933 767 2017 Euripide
790 1956 808 1998 a
831 1938 1034 2019 praeceptore
1058 1937 1198 2020 accepta.
1224 1933 1315 2011 Quod
1339 1936 1379 2000 ad

183 2044 409 2125 Anaxagoram
422 2042 540 2106 attinet
550 2042 753 2125 praecipuum
767 2046 815 2107 est
826 2040 1008 2106 Aristotelis
1022 2042 1252 2120 testimonium,
1264 2043 1379 2128 qui(de

185 2148 390 2232 generatione
408 2146 518 2215 Anim.
539 2146 594 2212 IV.
617 2148 650 2234 1)
670 2169 826 2232 quaerens
847 2148 1006 2231 quomodo
1026 2170 1094 2213 mas
1115 2148 1173 2213 fiat
1192 2146 1380 2214 autfemina

185 2254 246 2318 ait:
273 2254 355 2335 Φιισ)
382 2256 446 2335 γάρ
469 2252 494 2320 οἱ
518 2255 574 2332 μὲν
599 2256 628 2319 ἔν
648 2262 710 2325 τοῖς
732 2256 908 2334 σπέρμασιν
929 2250 1006 2319 εἶνοιι
1027 2255 1145 2330 ταύτην
1164 2258 1218 2331 την
1239 2256 1379 2321 ἐναντίοι-

185 2385 233 2426 σιν
258 2362 359 2440 εὖάὺο,·
377 2358 453 2428 ῶσσε
478 2361 697 2443 ’Λνοιξοιράριιο
717 2362 768 2427 καὶ
789 2361 856 2428 ἔνιοι
877 2368 935 2428 τῶν
954 2363 1166 2443 Φυσιολάγων·
1190 2364 1382 2442 γίνεσθαί

185 2492 228 2535 τε
263 2470 342 2551 γάρ
373 2471 414 2533 ἐκ
444 2474 513 2535 τοῦ
544 2469 711 2550 άρρενοο
742 2469 782 2534 τὸ
812 2469 987 2553 σπέρμοι,
1018 2471 1059 2536 τὸ
1084 2471 1123 2536 δὲ
1146 2471 1242 2546 θῆλυ
1265 2470 1379 2551 ποιρὲ-

185 2600 278 2657 χειν
302 2577 368 2665 τῶν
391 2574 521 2641 τόπον.
548 2576 600 2641 κοῶ
622 2572 698 2642 εἶνοιι
720 2576 754 2640 τὸ
775 2578 832 2654 μὲν
853 2574 939 2657 άρρεν
957 2578 994 2658 ἐκ,
1009 2583 1072 2658 τῶν,
1087 2574 1189 2653 δεξιῶν
1207 2578 1242 2643 τὸ
1261 2579 1291 2643 δὲ
1304 2580 1379 2650 θῆλυ

186 2682 220 2747 la
251 2690 310 2748 τῶν
336 2685 511 2769 άριστερῶν,
538 2682 589 2747 ael
615 2690 670 2757 τῆς
694 2682 821 2764 ὑστέροις
846 2684 888 2747 τά
914 2684 970 2761 μὲν
994 2682 1103 2764 άρρενοι
1129 2684 1159 2747 ἐν
1183 2692 1247 2757 τοῖς
1271 2682 1379 2762 deflere

185 2784 280 2875 εἶναι,
305 2791 348 2854 τά
371 2789 403 2854 δὲ
427 2790 522 2863 θάλεον
547 2791 577 2853 ἐν
600 2798 663 2861 τοῖς
686 2790 865 2867 άριστεροῖς.

231 2892 312 2960 Cum
342 2895 403 2961 hoc
433 2897 503 2960 loeo
535 2898 642 2959 tamen
673 2896 760 2961 Plao.
792 2894 875 2960 Phil.
907 2894 961 2980 (II.
990 2897 1023 2981 7)
1049 2887 1115 2960 n³on
1140 2901 1324 2982 congruunt
1345 2900 1379 2963 et

185 3001 281 3066 etiam
305 3000 497 3067 Censorinus
521 3002 573 3087 (de
595 3005 625 3066 d.
652 2985 718 3066 nat.
743 3001 789 3088 V)
814 3001 940 3066 disertis
964 3002 1070 3067 verbis
1094 3004 1287 3068 contrariam
1307 3004 1378 3088 opi-

185 3106 314 3171 nionem
333 3106 545 3193 Anaxagorae
565 3109 712 3193 ascribit,
733 3130 776 3175 sc.
796 3129 864 3172 non
877 3108 981 3173 solum
993 3112 1118 3193 patrem
1131 3113 1186 3174 sed
1198 3114 1231 3175 et
1243 3114 1377 3175 matrem

185 3232 292 3277 semen
315 3213 475 3297 praebere.

147 3379 149 3383 ,
230 3316 271 3383 In
301 3320 405 3384 dubiis
430 3320 549 3405 judicio
580 3320 740 3385 abstinere
778 3321 878 3385 satius
907 3323 966 3385 est.
998 3319 1119 3385 Verum
1143 3325 1271 3387 constat
1293 3325 1378 3407 apud

185 3421 371 3511 Euripidem
396 3424 538 3491 Orestam
563 3427 665 3491 dicere
687 3426 724 3490 in
747 3426 933 3511 cognomini
956 3425 1066 3491 fabula
1090 3428 1150 3513 (rs.
1176 3426 1269 3508 552):

280 3533 382 3611 ποτηρ
406 3533 465 3610 μὲν
487 3532 656 3612 ἐφύτευσέν
679 3556 737 3611 με,
761 3534 798 3607 rt
823 3533 848 3598 δ’
872 3531 973 3597 ἕπιιιτε
997 3542 1090 3619 τοῖς,

280 3641 321 3706 τὸ
345 3638 484 3719 σπέρμ’
507 3638 655 3719 άρονροι
678 3638 963 3720 πορολοιβοῶσ’
986 3637 1113 3706 άλλον
1137 3639 1261 3722 πάροι·

227 3724 233 3738 ’
278 3743 351 3811 άνεν
375 3746 407 3812 δὲ
429 3748 544 3827 πατρὸς
568 3746 670 3811 τέιινον
692 3748 746 3811 οὐκ
769 3745 814 3821 εἴη
841 3747 910 3811 ποτ’
933 3746 982 3811 άν.

275 3851 467 3930 ἐλογισάμην
490 3848 539 3917 οὖν
561 3856 603 3933 τῷ
627 3852 734 3931 γένους
757 3852 920 3934 άρχηνέπη

278 3962 401 4037 μάλλον
423 3962 459 4037 μ’
482 3960 600 4035 άμῦνοιι
623 3968 679 4034 τῆς
704 3959 882 4034 ὑποστάσης
907 3960 1046 4040 τροφάς·

188 4069 221 4130 et
242 4066 278 4130 in
300 4066 416 4152 fragm.
443 4067 528 4133 1048
552 4075 615 4153 (ap.
639 4066 728 4133 Stob.
753 4066 839 4133 Flor.
866 4067 919 4145 79,
945 4068 986 4133 27
1009 4088 1064 4153 pg.
1077 4066 1157 4153 455)
1182 4068 1262 4155 legi:

368 4172 486 4254 στέρνον
511 4174 541 4239 δὲ
566 4176 616 4240 τὸν
639 4176 789 4253 Φύσοιντοι
814 4180 874 4239 τῶν
898 4172 1022 4240 πάντων
1046 4175 1161 4256 βροτῶν

370 4279 518 4358 μάλισθ’·
546 4280 629 4363 άριζο
653 4286 742 4346 τοῦτο
766 4280 819 4346 sal
843 4280 880 4345 σὺ
904 4281 949 4358 μη
972 4281 1092 4363 φθάνει·

371 4390 468 4454 aeluro
491 4388 554 4469 γάρ
576 4386 785 4467 ἕξάβλοιστον·
810 4389 871 4453 οὐδ’
894 4387 932 4453 άν
957 4381 1000 4460 εἴη
1024 4391 1098 4470 aaa

371 4492 515 4573 γυνιιιιῶι
540 4494 700 4569 addicerer
723 4494 812 4559 άλλά
837 4497 891 4557 τοῶ
915 4493 1042 4576 ποιτρδς.
