<?xml version="1.0" encoding="UTF-8"?>
<!DOCTYPE html PUBLIC "-//W3C//DTD XHTML 1.0 Transitional//EN"
    "http://www.w3.org/TR/xhtml1/DTD/xhtml1-transitional.dtd">
<html xmlns="http://www.w3.org/1999/xhtml" xml:lang="en" lang="en">
 <head>
  <title>
</title>
<meta http-equiv="Content-Type" content="text/html;charset=utf-8" />
  <meta name='ocr-system' content='tesseract 3.04.00' />
  <meta name='ocr-capabilities' content='ocr_page ocr_carea ocr_par ocr_line ocrx_word'/>
</head>
<body>
  <div class='ocr_page' id='page_1' title='image "./commentatiodeeu00unkngoog_0151.png"; bbox 0 0 3250 5217; ppageno 0'>
   <div class='ocr_carea' id='block_1_1' title="bbox 753 430 815 497">
    <p class='ocr_par' dir='ltr' id='par_1_1' title="bbox 753 430 815 497">
     <span class='ocr_line' id='line_1_1' title="bbox 753 430 815 497; baseline 0.016 -2"><span class='ocrx_word' id='word_1_1' title='bbox 753 430 815 497; x_wconf 78' lang='lat'><strong>139</strong></span> 
     </span>
    </p>
   </div>
   <div class='ocr_carea' id='block_1_2' title="bbox 645 674 914 824">
    <p class='ocr_par' dir='ltr' id='par_1_2' title="bbox 645 674 914 824">
     <span class='ocr_line' id='line_1_2' title="bbox 645 674 914 824; baseline 0.004 -2"><span class='ocrx_word' id='word_1_2' title='bbox 645 674 836 823; x_wconf 77' lang='lat' dir='ltr'>CAPUT</span> <span class='ocrx_word' id='word_1_3' title='bbox 856 740 914 824; x_wconf 87' lang='lat' dir='ltr'><strong>H.</strong></span> 
     </span>
    </p>
   </div>
   <div class='ocr_carea' id='block_1_3' title="bbox 538 909 1019 1165">
    <p class='ocr_par' dir='ltr' id='par_1_3' title="bbox 538 909 1019 1165">
     <span class='ocr_line' id='line_1_3' title="bbox 538 909 1019 978; baseline -0.004 -1"><span class='ocrx_word' id='word_1_4' title='bbox 538 926 584 977; x_wconf 88' lang='grc'><strong>66</strong></span> <span class='ocrx_word' id='word_1_5' title='bbox 608 909 765 978; x_wconf 78' lang='lat' dir='ltr'><strong>meamus</strong></span> <span class='ocrx_word' id='word_1_6' title='bbox 790 926 833 975; x_wconf 85' lang='grc'><strong>61</strong></span> <span class='ocrx_word' id='word_1_7' title='bbox 858 925 1019 977; x_wconf 76' lang='lat' dir='ltr'><strong>viarum.</strong></span> 
     </span>
     <span class='ocr_line' id='line_1_4' title="bbox 549 1077 1011 1165; baseline -0.004 -22"><span class='ocrx_word' id='word_1_8' title='bbox 549 1080 567 1163; x_wconf 58' lang='grc' dir='ltr'><strong>ἓ</strong></span> <span class='ocrx_word' id='word_1_9' title='bbox 593 1080 622 1143; x_wconf 92' lang='lat' dir='ltr'><strong>l.</strong></span> <span class='ocrx_word' id='word_1_10' title='bbox 650 1077 838 1165; x_wconf 74' lang='lat' dir='ltr'><strong>Opinionem</strong></span> <span class='ocrx_word' id='word_1_11' title='bbox 860 1079 1011 1161; x_wconf 76' lang='lat' dir='ltr'><strong>confusio.</strong></span> 
     </span>
    </p>
   </div>
   <div class='ocr_carea' id='block_1_4' title="bbox 179 1241 1407 4405">
    <p class='ocr_par' dir='ltr' id='par_1_4' title="bbox 181 1241 1407 1968">
     <span class='ocr_line' id='line_1_5' title="bbox 227 1241 1375 1332; baseline -0.005 -21"><span class='ocrx_word' id='word_1_12' title='bbox 227 1246 362 1313; x_wconf 87' lang='lat' dir='ltr'><strong>Initium</strong></span> <span class='ocrx_word' id='word_1_13' title='bbox 393 1247 587 1332; x_wconf 77' lang='lat' dir='ltr'><strong>quaestionis</strong></span> <span class='ocrx_word' id='word_1_14' title='bbox 618 1247 798 1331; x_wconf 73' lang='lat' dir='ltr'><strong>propositae</strong></span> <span class='ocrx_word' id='word_1_15' title='bbox 830 1246 994 1330; x_wconf 72' lang='lat' dir='ltr'><strong>aptissime</strong></span> <span class='ocrx_word' id='word_1_16' title='bbox 1026 1244 1162 1308; x_wconf 76' lang='lat' dir='ltr'><strong>sumitur</strong></span> <span class='ocrx_word' id='word_1_17' title='bbox 1192 1264 1231 1306; x_wconf 82' lang='lat' dir='ltr'><strong>ex</strong></span> <span class='ocrx_word' id='word_1_18' title='bbox 1252 1241 1375 1306; x_wconf 89' lang='lat' dir='ltr'><strong>ultimis</strong></span> 
     </span>
     <span class='ocr_line' id='line_1_6' title="bbox 183 1348 1374 1439; baseline -0.006 -21"><span class='ocrx_word' id='word_1_19' title='bbox 183 1354 286 1419; x_wconf 88' lang='lat' dir='ltr'><strong>verbis</strong></span> <span class='ocrx_word' id='word_1_20' title='bbox 320 1354 434 1439; x_wconf 87' lang='lat' dir='ltr'><strong>eapitis</strong></span> <span class='ocrx_word' id='word_1_21' title='bbox 468 1354 622 1437; x_wconf 75' lang='lat' dir='ltr'><strong>proximi:</strong></span> <span class='ocrx_word' id='word_1_22' title='bbox 658 1376 733 1417; x_wconf 89' lang='grc'><strong>6616</strong></span> <span class='ocrx_word' id='word_1_23' title='bbox 769 1353 809 1417; x_wconf 91' lang='lat' dir='ltr'><strong>ad</strong></span> <span class='ocrx_word' id='word_1_24' title='bbox 840 1356 924 1417; x_wconf 88' lang='lat' dir='ltr'><strong>recte</strong></span> <span class='ocrx_word' id='word_1_25' title='bbox 942 1350 1182 1435; x_wconf 81' lang='lat' dir='ltr'><strong>&#39;intelligendas</strong></span> <span class='ocrx_word' id='word_1_26' title='bbox 1213 1348 1374 1432; x_wconf 76' lang='lat' dir='ltr'><strong>Euripidis</strong></span> 
     </span>
     <span class='ocr_line' id='line_1_7' title="bbox 184 1456 1375 1543; baseline -0.007 -18"><span class='ocrx_word' id='word_1_27' title='bbox 184 1460 393 1543; x_wconf 85' lang='lat' dir='ltr'><strong>cogitationes</strong></span> <span class='ocrx_word' id='word_1_28' title='bbox 425 1459 463 1523; x_wconf 90' lang='lat' dir='ltr'><strong>de</strong></span> <span class='ocrx_word' id='word_1_29' title='bbox 494 1460 543 1524; x_wconf 87' lang='lat' dir='ltr'><strong>his</strong></span> <span class='ocrx_word' id='word_1_30' title='bbox 573 1460 666 1523; x_wconf 89' lang='lat' dir='ltr'><strong>rebus</strong></span> <span class='ocrx_word' id='word_1_31' title='bbox 690 1460 908 1543; x_wconf 77' lang='lat' dir='ltr'><strong>discrepamus</strong></span> <span class='ocrx_word' id='word_1_32' title='bbox 931 1458 1135 1523; x_wconf 83' lang='grc'><strong>6166616666</strong></span> <span class='ocrx_word' id='word_1_33' title='bbox 1158 1456 1301 1520; x_wconf 90' lang='lat' dir='ltr'><strong>animum</strong></span> <span class='ocrx_word' id='word_1_34' title='bbox 1324 1457 1375 1517; x_wconf 88' lang='grc'><strong>61-</strong></span> 
     </span>
     <span class='ocr_line' id='line_1_8' title="bbox 183 1560 1407 1637; baseline -0.007 -6"><span class='ocrx_word' id='word_1_35' title='bbox 183 1568 310 1631; x_wconf 87' lang='lat' dir='ltr'><strong>tendere</strong></span> <span class='ocrx_word' id='word_1_36' title='bbox 340 1566 489 1631; x_wconf 89' lang='lat' dir='ltr'><strong>debemus</strong></span> <span class='ocrx_word' id='word_1_37' title='bbox 514 1566 554 1629; x_wconf 96' lang='lat' dir='ltr'><strong>ad</strong></span> <span class='ocrx_word' id='word_1_38' title='bbox 578 1566 758 1630; x_wconf 87' lang='lat' dir='ltr'><strong>universam</strong></span> <span class='ocrx_word' id='word_1_39' title='bbox 782 1566 872 1629; x_wconf 90' lang='lat' dir='ltr'><strong>illam</strong></span> <span class='ocrx_word' id='word_1_40' title='bbox 896 1563 1135 1629; x_wconf 86' lang='lat' dir='ltr'><strong>contentionem</strong></span> <span class='ocrx_word' id='word_1_41' title='bbox 1158 1583 1262 1627; x_wconf 88' lang='lat' dir='ltr'><strong>rernm</strong></span> <span class='ocrx_word' id='word_1_42' title='bbox 1286 1560 1372 1624; x_wconf 91' lang='lat' dir='ltr'><strong>anti·</strong></span> <span class='ocrx_word' id='word_1_43' title='bbox 1405 1633 1407 1637; x_wconf 23' lang='lat'>¹</span> 
     </span>
     <span class='ocr_line' id='line_1_9' title="bbox 182 1664 1369 1758; baseline -0.008 -21"><span class='ocrx_word' id='word_1_44' title='bbox 182 1695 314 1758; x_wconf 88' lang='lat' dir='ltr'><strong>quarum</strong></span> <span class='ocrx_word' id='word_1_45' title='bbox 334 1676 367 1738; x_wconf 92' lang='lat' dir='ltr'><strong>et</strong></span> <span class='ocrx_word' id='word_1_46' title='bbox 383 1695 555 1749; x_wconf 85' lang='lat' dir='ltr'><strong>novarum,</strong></span> <span class='ocrx_word' id='word_1_47' title='bbox 576 1692 656 1756; x_wconf 88' lang='lat' dir='ltr'><strong>quae</strong></span> <span class='ocrx_word' id='word_1_48' title='bbox 675 1672 731 1736; x_wconf 91' lang='lat' dir='ltr'><strong>illa</strong></span> <span class='ocrx_word' id='word_1_49' title='bbox 751 1674 856 1736; x_wconf 90' lang='lat' dir='ltr'><strong>aetate</strong></span> <span class='ocrx_word' id='word_1_50' title='bbox 871 1672 1037 1735; x_wconf 91' lang='lat' dir='ltr'><strong>hominum</strong></span> <span class='ocrx_word' id='word_1_51' title='bbox 1051 1673 1172 1734; x_wconf 89' lang='lat' dir='ltr'><strong>mentes</strong></span> <span class='ocrx_word' id='word_1_52' title='bbox 1184 1664 1369 1752; x_wconf 73' lang='lat' dir='ltr'><strong>perturbari</strong></span> 
     </span>
     <span class='ocr_line' id='line_1_10' title="bbox 181 1772 1371 1864; baseline -0.008 -19"><span class='ocrx_word' id='word_1_53' title='bbox 181 1783 337 1864; x_wconf 86' lang='lat' dir='ltr'><strong>coeperat.</strong></span> <span class='ocrx_word' id='word_1_54' title='bbox 351 1844 354 1850; x_wconf 83' lang='grc'><strong>,</strong></span> <span class='ocrx_word' id='word_1_55' title='bbox 368 1778 472 1863; x_wconf 82' lang='lat' dir='ltr'><strong>Supra</strong></span> <span class='ocrx_word' id='word_1_56' title='bbox 501 1779 540 1841; x_wconf 91' lang='lat' dir='ltr'><strong>de</strong></span> <span class='ocrx_word' id='word_1_57' title='bbox 572 1778 633 1842; x_wconf 89' lang='lat' dir='ltr'><strong>hae</strong></span> <span class='ocrx_word' id='word_1_58' title='bbox 657 1778 790 1841; x_wconf 87' lang='lat' dir='ltr'><strong>materia</strong></span> <span class='ocrx_word' id='word_1_59' title='bbox 813 1778 951 1841; x_wconf 89' lang='lat' dir='ltr'><strong>breviter</strong></span> <span class='ocrx_word' id='word_1_60' title='bbox 973 1775 1105 1860; x_wconf 84' lang='lat' dir='ltr'><strong>exposui</strong></span> <span class='ocrx_word' id='word_1_61' title='bbox 1128 1775 1196 1858; x_wconf 87' lang='lat' dir='ltr'><strong>(pg.</strong></span> <span class='ocrx_word' id='word_1_62' title='bbox 1222 1774 1262 1835; x_wconf 82' lang='lat'><strong>21</strong></span> <span class='ocrx_word' id='word_1_63' title='bbox 1289 1772 1371 1856; x_wconf 87' lang='lat' dir='ltr'><strong>sq.);</strong></span> 
     </span>
     <span class='ocr_line' id='line_1_11' title="bbox 181 1882 1064 1968; baseline -0.005 -19"><span class='ocrx_word' id='word_1_64' title='bbox 181 1885 241 1951; x_wconf 91' lang='lat' dir='ltr'><strong>hoe</strong></span> <span class='ocrx_word' id='word_1_65' title='bbox 265 1907 339 1950; x_wconf 86' lang='lat' dir='ltr'><strong>vero</strong></span> <span class='ocrx_word' id='word_1_66' title='bbox 362 1885 433 1950; x_wconf 88' lang='lat' dir='ltr'><strong>loco</strong></span> <span class='ocrx_word' id='word_1_67' title='bbox 457 1886 561 1949; x_wconf 91' lang='lat' dir='ltr'><strong>denuo</strong></span> <span class='ocrx_word' id='word_1_68' title='bbox 585 1884 693 1968; x_wconf 89' lang='lat' dir='ltr'><strong>paucis</strong></span> <span class='ocrx_word' id='word_1_69' title='bbox 717 1882 907 1967; x_wconf 89' lang='lat' dir='ltr'><strong>explicanda</strong></span> <span class='ocrx_word' id='word_1_70' title='bbox 932 1882 1064 1947; x_wconf 91' lang='lat' dir='ltr'><strong>videtur.</strong></span> 
     </span>
    </p>

    <p class='ocr_par' dir='ltr' id='par_1_5' title="bbox 180 1986 1376 3352">
     <span class='ocr_line' id='line_1_12' title="bbox 226 1986 1372 2076; baseline -0.008 -19"><span class='ocrx_word' id='word_1_71' title='bbox 226 1992 273 2058; x_wconf 89' lang='lat' dir='ltr'><strong>Ut</strong></span> <span class='ocrx_word' id='word_1_72' title='bbox 295 1993 327 2056; x_wconf 91' lang='lat' dir='ltr'><strong>id</strong></span> <span class='ocrx_word' id='word_1_73' title='bbox 345 1992 430 2076; x_wconf 91' lang='lat' dir='ltr'><strong>quod</strong></span> <span class='ocrx_word' id='word_1_74' title='bbox 449 1992 521 2056; x_wconf 91' lang='lat' dir='ltr'><strong>volo</strong></span> <span class='ocrx_word' id='word_1_75' title='bbox 541 2012 634 2075; x_wconf 89' lang='lat' dir='ltr'><strong>quam</strong></span> <span class='ocrx_word' id='word_1_76' title='bbox 656 1989 877 2073; x_wconf 84' lang='lat' dir='ltr'><strong>planissimum</strong></span> <span class='ocrx_word' id='word_1_77' title='bbox 898 1988 1029 2072; x_wconf 80' lang='lat' dir='ltr'><strong>faciam,</strong></span> <span class='ocrx_word' id='word_1_78' title='bbox 1050 1992 1178 2070; x_wconf 86' lang='lat' dir='ltr'><strong>gentem</strong></span> <span class='ocrx_word' id='word_1_79' title='bbox 1199 1986 1372 2059; x_wconf 82' lang='lat' dir='ltr'><strong>Graecam,</strong></span> 
     </span>
     <span class='ocr_line' id='line_1_13' title="bbox 182 2088 1373 2183; baseline -0.011 -19"><span class='ocrx_word' id='word_1_80' title='bbox 182 2098 448 2183; x_wconf 83' lang='lat' dir='ltr'><strong>quemadmodum</strong></span> <span class='ocrx_word' id='word_1_81' title='bbox 484 2119 516 2161; x_wconf 89' lang='lat' dir='ltr'><strong>se</strong></span> <span class='ocrx_word' id='word_1_82' title='bbox 551 2100 685 2161; x_wconf 84' lang='lat' dir='ltr'><strong>exeunte</strong></span> <span class='ocrx_word' id='word_1_83' title='bbox 717 2095 842 2161; x_wconf 86' lang='lat' dir='ltr'><strong>saeculo</strong></span> <span class='ocrx_word' id='word_1_84' title='bbox 873 2095 987 2180; x_wconf 91' lang='lat' dir='ltr'><strong>quinto</strong></span> <span class='ocrx_word' id='word_1_85' title='bbox 1009 2092 1166 2169; x_wconf 86' lang='lat' dir='ltr'><strong>habebat,</strong></span> <span class='ocrx_word' id='word_1_86' title='bbox 1192 2090 1270 2155; x_wconf 89' lang='lat' dir='ltr'><strong>mihi</strong></span> <span class='ocrx_word' id='word_1_87' title='bbox 1292 2088 1373 2153; x_wconf 90' lang='lat' dir='ltr'><strong>libet</strong></span> 
     </span>
     <span class='ocr_line' id='line_1_14' title="bbox 182 2196 1371 2289; baseline -0.009 -20"><span class='ocrx_word' id='word_1_88' title='bbox 182 2225 370 2289; x_wconf 90' lang='lat' dir='ltr'><strong>componere</strong></span> <span class='ocrx_word' id='word_1_89' title='bbox 391 2204 522 2268; x_wconf 76' lang='lat' dir='ltr'><strong>Herculi</strong></span> <span class='ocrx_word' id='word_1_90' title='bbox 542 2202 694 2267; x_wconf 88' lang='lat' dir='ltr'><strong>Prodiceo</strong></span> <span class='ocrx_word' id='word_1_91' title='bbox 707 2249 714 2279; x_wconf 86' lang='lat'><strong>‚</strong></span> <span class='ocrx_word' id='word_1_92' title='bbox 728 2202 782 2284; x_wconf 93' lang='lat' dir='ltr'><strong>qni</strong></span> <span class='ocrx_word' id='word_1_93' title='bbox 795 2200 941 2265; x_wconf 89' lang='lat' dir='ltr'><strong>absoluto</strong></span> <span class='ocrx_word' id='word_1_94' title='bbox 953 2200 1039 2266; x_wconf 87' lang='grc'><strong>166111</strong></span> <span class='ocrx_word' id='word_1_95' title='bbox 1047 2197 1227 2284; x_wconf 88' lang='lat' dir='ltr'><strong>juventutis</strong></span> <span class='ocrx_word' id='word_1_96' title='bbox 1238 2196 1371 2272; x_wconf 87' lang='lat' dir='ltr'><strong>itinere,</strong></span> 
     </span>
     <span class='ocr_line' id='line_1_15' title="bbox 181 2305 1374 2393; baseline -0.007 -20"><span class='ocrx_word' id='word_1_97' title='bbox 181 2310 214 2375; x_wconf 91' lang='lat' dir='ltr'><strong>in</strong></span> <span class='ocrx_word' id='word_1_98' title='bbox 247 2331 310 2393; x_wconf 92' lang='lat' dir='ltr'><strong>quo</strong></span> <span class='ocrx_word' id='word_1_99' title='bbox 342 2310 372 2373; x_wconf 90' lang='lat' dir='ltr'><strong>ei</strong></span> <span class='ocrx_word' id='word_1_100' title='bbox 401 2313 486 2373; x_wconf 89' lang='grc'><strong>16616</strong></span> <span class='ocrx_word' id='word_1_101' title='bbox 514 2309 608 2373; x_wconf 88' lang='lat' dir='ltr'><strong>modo</strong></span> <span class='ocrx_word' id='word_1_102' title='bbox 644 2311 677 2371; x_wconf 91' lang='lat' dir='ltr'><strong>et</strong></span> <span class='ocrx_word' id='word_1_103' title='bbox 705 2311 814 2391; x_wconf 88' lang='lat' dir='ltr'><strong>aperta</strong></span> <span class='ocrx_word' id='word_1_104' title='bbox 838 2308 889 2371; x_wconf 90' lang='lat' dir='ltr'><strong>via</strong></span> <span class='ocrx_word' id='word_1_105' title='bbox 912 2330 975 2391; x_wconf 91' lang='lat' dir='ltr'><strong>qua</strong></span> <span class='ocrx_word' id='word_1_106' title='bbox 999 2305 1191 2390; x_wconf 74' lang='lat' dir='ltr'><strong>procedebat</strong></span> <span class='ocrx_word' id='word_1_107' title='bbox 1214 2305 1374 2387; x_wconf 86' lang='lat' dir='ltr'><strong>sequenda</strong></span> 
     </span>
     <span class='ocr_line' id='line_1_16' title="bbox 181 2410 1376 2499; baseline -0.006 -19"><span class='ocrx_word' id='word_1_108' title='bbox 181 2420 265 2493; x_wconf 88' lang='grc'><strong>6161,</strong></span> <span class='ocrx_word' id='word_1_109' title='bbox 290 2438 393 2499; x_wconf 88' lang='lat' dir='ltr'><strong>neque</strong></span> <span class='ocrx_word' id='word_1_110' title='bbox 414 2414 478 2479; x_wconf 89' lang='lat' dir='ltr'><strong>ulla</strong></span> <span class='ocrx_word' id='word_1_111' title='bbox 496 2415 672 2499; x_wconf 83' lang='lat' dir='ltr'><strong>apparebat</strong></span> <span class='ocrx_word' id='word_1_112' title='bbox 691 2414 804 2479; x_wconf 89' lang='lat' dir='ltr'><strong>semita</strong></span> <span class='ocrx_word' id='word_1_113' title='bbox 824 2414 859 2476; x_wconf 93' lang='lat' dir='ltr'><strong>in</strong></span> <span class='ocrx_word' id='word_1_114' title='bbox 879 2435 976 2497; x_wconf 87' lang='lat' dir='ltr'><strong>quam</strong></span> <span class='ocrx_word' id='word_1_115' title='bbox 995 2412 1104 2477; x_wconf 85' lang='lat' dir='ltr'><strong>devius</strong></span> <span class='ocrx_word' id='word_1_116' title='bbox 1116 2410 1240 2475; x_wconf 87' lang='lat' dir='ltr'><strong>deflecti</strong></span> <span class='ocrx_word' id='word_1_117' title='bbox 1251 2412 1376 2492; x_wconf 90' lang='lat' dir='ltr'><strong>posset,</strong></span> 
     </span>
     <span class='ocr_line' id='line_1_17' title="bbox 181 2515 1375 2605; baseline -0.007 -18"><span class='ocrx_word' id='word_1_118' title='bbox 181 2524 309 2587; x_wconf 89' lang='lat' dir='ltr'><strong>tandem</strong></span> <span class='ocrx_word' id='word_1_119' title='bbox 327 2522 479 2605; x_wconf 59' lang='lat' dir='ltr'><strong>,pervenit</strong></span> <span class='ocrx_word' id='word_1_120' title='bbox 502 2522 536 2604; x_wconf 89' lang='lat' dir='ltr'><strong>in</strong></span> <span class='ocrx_word' id='word_1_121' title='bbox 561 2521 681 2585; x_wconf 85' lang='lat' dir='ltr'><strong>bivium</strong></span> <span class='ocrx_word' id='word_1_122' title='bbox 706 2520 803 2595; x_wconf 83' lang='lat' dir='ltr'><strong>illud,</strong></span> <span class='ocrx_word' id='word_1_123' title='bbox 828 2519 884 2583; x_wconf 91' lang='lat' dir='ltr'><strong>ubi</strong></span> <span class='ocrx_word' id='word_1_124' title='bbox 906 2524 962 2583; x_wconf 92' lang='grc'><strong>661</strong></span> <span class='ocrx_word' id='word_1_125' title='bbox 981 2518 1110 2581; x_wconf 88' lang='grc'><strong>11116116</strong></span> <span class='ocrx_word' id='word_1_126' title='bbox 1129 2521 1184 2581; x_wconf 91' lang='grc'><strong>661</strong></span> <span class='ocrx_word' id='word_1_127' title='bbox 1203 2515 1375 2600; x_wconf 89' lang='lat' dir='ltr'><strong>voluptatis</strong></span> 
     </span>
     <span class='ocr_line' id='line_1_18' title="bbox 181 2621 1375 2713; baseline -0.008 -20"><span class='ocrx_word' id='word_1_128' title='bbox 181 2629 346 2713; x_wconf 89' lang='lat' dir='ltr'><strong>eligendus</strong></span> <span class='ocrx_word' id='word_1_129' title='bbox 377 2632 445 2693; x_wconf 89' lang='lat' dir='ltr'><strong>erat</strong></span> <span class='ocrx_word' id='word_1_130' title='bbox 474 2633 600 2692; x_wconf 86' lang='grc'><strong>1166166.</strong></span> <span class='ocrx_word' id='word_1_131' title='bbox 633 2626 822 2692; x_wconf 87' lang='lat' dir='ltr'><strong>Notandum</strong></span> <span class='ocrx_word' id='word_1_132' title='bbox 853 2624 930 2688; x_wconf 89' lang='lat' dir='ltr'><strong>mibi</strong></span> <span class='ocrx_word' id='word_1_133' title='bbox 964 2625 1088 2688; x_wconf 88' lang='lat' dir='ltr'><strong>videtur</strong></span> <span class='ocrx_word' id='word_1_134' title='bbox 1118 2621 1202 2687; x_wconf 89' lang='lat' dir='ltr'><strong>hano</strong></span> <span class='ocrx_word' id='word_1_135' title='bbox 1234 2621 1375 2686; x_wconf 87' lang='lat' dir='ltr'><strong>fabulam</strong></span> 
     </span>
     <span class='ocr_line' id='line_1_19' title="bbox 180 2728 1375 2819; baseline -0.005 -22"><span class='ocrx_word' id='word_1_136' title='bbox 180 2734 249 2817; x_wconf 92' lang='lat' dir='ltr'><strong>ipso</strong></span> <span class='ocrx_word' id='word_1_137' title='bbox 268 2734 325 2799; x_wconf 90' lang='lat' dir='ltr'><strong>illo</strong></span> <span class='ocrx_word' id='word_1_138' title='bbox 344 2738 487 2817; x_wconf 89' lang='lat' dir='ltr'><strong>tempore</strong></span> <span class='ocrx_word' id='word_1_139' title='bbox 508 2732 715 2819; x_wconf 86' lang='lat' dir='ltr'><strong>compositam</strong></span> <span class='ocrx_word' id='word_1_140' title='bbox 738 2733 838 2796; x_wconf 87' lang='grc'><strong>161166</strong></span> <span class='ocrx_word' id='word_1_141' title='bbox 857 2731 963 2813; x_wconf 87' lang='lat' dir='ltr'><strong>gentis</strong></span> <span class='ocrx_word' id='word_1_142' title='bbox 976 2730 1190 2795; x_wconf 82' lang='lat' dir='ltr'><strong>conditionem</strong></span> <span class='ocrx_word' id='word_1_143' title='bbox 1205 2728 1375 2794; x_wconf 86' lang='lat' dir='ltr'><strong>illustrare.</strong></span> 
     </span>
     <span class='ocr_line' id='line_1_20' title="bbox 181 2834 1374 2919; baseline -0.006 -15"><span class='ocrx_word' id='word_1_144' title='bbox 181 2838 264 2904; x_wconf 89' lang='lat' dir='ltr'><strong>Nam</strong></span> <span class='ocrx_word' id='word_1_145' title='bbox 298 2840 334 2903; x_wconf 92' lang='lat' dir='ltr'><strong>in</strong></span> <span class='ocrx_word' id='word_1_146' title='bbox 357 2839 459 2903; x_wconf 88' lang='lat' dir='ltr'><strong>simile</strong></span> <span class='ocrx_word' id='word_1_147' title='bbox 482 2839 603 2902; x_wconf 83' lang='lat' dir='ltr'><strong>bivium</strong></span> <span class='ocrx_word' id='word_1_148' title='bbox 627 2839 705 2903; x_wconf 90' lang='lat' dir='ltr'><strong>haee</strong></span> <span class='ocrx_word' id='word_1_149' title='bbox 730 2839 907 2902; x_wconf 86' lang='lat' dir='ltr'><strong>devenerat.</strong></span> <span class='ocrx_word' id='word_1_150' title='bbox 944 2835 1031 2901; x_wconf 89' lang='lat' dir='ltr'><strong>Solvi</strong></span> <span class='ocrx_word' id='word_1_151' title='bbox 1055 2838 1228 2919; x_wconf 88' lang='lat' dir='ltr'><strong>coeperant</strong></span> <span class='ocrx_word' id='word_1_152' title='bbox 1248 2834 1374 2917; x_wconf 92' lang='lat' dir='ltr'><strong>antiqui</strong></span> 
     </span>
     <span class='ocr_line' id='line_1_21' title="bbox 181 2940 1373 3029; baseline -0.005 -20"><span class='ocrx_word' id='word_1_153' title='bbox 181 2966 283 3009; x_wconf 89' lang='lat' dir='ltr'><strong>mores</strong></span> <span class='ocrx_word' id='word_1_154' title='bbox 301 2944 509 3029; x_wconf 84' lang='lat' dir='ltr'><strong>vulgaresque</strong></span> <span class='ocrx_word' id='word_1_155' title='bbox 529 2945 658 3009; x_wconf 88' lang='lat' dir='ltr'><strong>vivendi</strong></span> <span class='ocrx_word' id='word_1_156' title='bbox 677 2944 836 3019; x_wconf 85' lang='lat' dir='ltr'><strong>rationes,</strong></span> <span class='ocrx_word' id='word_1_157' title='bbox 852 2943 968 3027; x_wconf 87' lang='lat' dir='ltr'><strong>quibus</strong></span> <span class='ocrx_word' id='word_1_158' title='bbox 990 2943 1128 3007; x_wconf 89' lang='lat' dir='ltr'><strong>nitentes</strong></span> <span class='ocrx_word' id='word_1_159' title='bbox 1148 2942 1293 3005; x_wconf 91' lang='lat' dir='ltr'><strong>homines</strong></span> <span class='ocrx_word' id='word_1_160' title='bbox 1304 2940 1373 3004; x_wconf 90' lang='lat' dir='ltr'><strong>sine</strong></span> 
     </span>
     <span class='ocr_line' id='line_1_22' title="bbox 180 3046 1374 3135; baseline -0.005 -20"><span class='ocrx_word' id='word_1_161' title='bbox 180 3051 294 3115; x_wconf 90' lang='lat' dir='ltr'><strong>studiis</strong></span> <span class='ocrx_word' id='word_1_162' title='bbox 313 3052 569 3135; x_wconf 86' lang='lat' dir='ltr'><strong>repugnantibus</strong></span> <span class='ocrx_word' id='word_1_163' title='bbox 589 3050 682 3113; x_wconf 85' lang='lat' dir='ltr'><strong>facile</strong></span> <span class='ocrx_word' id='word_1_164' title='bbox 703 3049 918 3114; x_wconf 87' lang='lat' dir='ltr'><strong>conficiebant</strong></span> <span class='ocrx_word' id='word_1_165' title='bbox 938 3048 1021 3112; x_wconf 92' lang='grc'><strong>11166</strong></span> <span class='ocrx_word' id='word_1_166' title='bbox 1034 3047 1243 3122; x_wconf 65' lang='lat' dir='ltr'><strong>curriculum</strong></span> <span class='ocrx_word' id='word_1_167' title='bbox 1258 3046 1374 3111; x_wconf 81' lang='lat' dir='ltr'><strong>exinde</strong></span> 
     </span>
     <span class='ocr_line' id='line_1_23' title="bbox 180 3153 1373 3241; baseline -0.003 -21"><span class='ocrx_word' id='word_1_168' title='bbox 180 3157 280 3241; x_wconf 79' lang='lat' dir='ltr'><strong>igitur</strong></span> <span class='ocrx_word' id='word_1_169' title='bbox 310 3156 445 3241; x_wconf 86' lang='lat' dir='ltr'><strong>singulis</strong></span> <span class='ocrx_word' id='word_1_170' title='bbox 475 3156 658 3221; x_wconf 88' lang='lat' dir='ltr'><strong>hominibus</strong></span> <span class='ocrx_word' id='word_1_171' title='bbox 690 3156 810 3240; x_wconf 90' lang='lat' dir='ltr'><strong>proprii</strong></span> <span class='ocrx_word' id='word_1_172' title='bbox 843 3176 946 3219; x_wconf 87' lang='lat' dir='ltr'><strong>mores</strong></span> <span class='ocrx_word' id='word_1_173' title='bbox 977 3156 1011 3218; x_wconf 90' lang='lat' dir='ltr'><strong>et</strong></span> <span class='ocrx_word' id='word_1_174' title='bbox 1032 3154 1172 3219; x_wconf 89' lang='lat' dir='ltr'><strong>rationes</strong></span> <span class='ocrx_word' id='word_1_175' title='bbox 1195 3153 1255 3217; x_wconf 87' lang='lat' dir='ltr'><strong>soli</strong></span> <span class='ocrx_word' id='word_1_176' title='bbox 1278 3153 1373 3217; x_wconf 87' lang='lat' dir='ltr'><strong>duces</strong></span> 
     </span>
     <span class='ocr_line' id='line_1_24' title="bbox 181 3262 531 3352; baseline -0.003 -25"><span class='ocrx_word' id='word_1_177' title='bbox 181 3267 273 3328; x_wconf 89' lang='lat' dir='ltr'><strong>erant</strong></span> <span class='ocrx_word' id='word_1_178' title='bbox 294 3262 404 3352; x_wconf 83' lang='lat' dir='ltr'><strong>futuri.</strong></span> <span class='ocrx_word' id='word_1_179' title='bbox 528 3277 531 3283; x_wconf 84' lang='lat'>&#39;</span> 
     </span>
    </p>

    <p class='ocr_par' dir='ltr' id='par_1_6' title="bbox 179 3354 1377 4095">
     <span class='ocr_line' id='line_1_25' title="bbox 225 3354 1375 3453; baseline -0.003 -20"><span class='ocrx_word' id='word_1_180' title='bbox 225 3368 314 3433; x_wconf 88' lang='grc'><strong>16161</strong></span> <span class='ocrx_word' id='word_1_181' title='bbox 332 3354 471 3433; x_wconf 90' lang='lat' dir='ltr'><strong>diversas</strong></span> <span class='ocrx_word' id='word_1_182' title='bbox 490 3390 570 3453; x_wconf 88' lang='lat' dir='ltr'><strong>quae</strong></span> <span class='ocrx_word' id='word_1_183' title='bbox 587 3368 743 3453; x_wconf 89' lang='lat' dir='ltr'><strong>patebant</strong></span> <span class='ocrx_word' id='word_1_184' title='bbox 760 3368 829 3431; x_wconf 89' lang='lat' dir='ltr'><strong>vias</strong></span> <span class='ocrx_word' id='word_1_185' title='bbox 848 3367 928 3431; x_wconf 90' lang='lat' dir='ltr'><strong>dnae</strong></span> <span class='ocrx_word' id='word_1_186' title='bbox 944 3367 1134 3450; x_wconf 88' lang='lat' dir='ltr'><strong>conspicuae</strong></span> <span class='ocrx_word' id='word_1_187' title='bbox 1146 3367 1243 3429; x_wconf 88' lang='lat' dir='ltr'><strong>erant</strong></span> <span class='ocrx_word' id='word_1_188' title='bbox 1255 3367 1375 3429; x_wconf 87' lang='grc'><strong>616616</strong></span> 
     </span>
     <span class='ocr_line' id='line_1_26' title="bbox 180 3470 1375 3559; baseline -0.004 -20"><span class='ocrx_word' id='word_1_189' title='bbox 180 3496 290 3541; x_wconf 88' lang='lat' dir='ltr'><strong>omnes</strong></span> <span class='ocrx_word' id='word_1_190' title='bbox 316 3475 530 3559; x_wconf 75' lang='lat' dir='ltr'><strong>apparebant3</strong></span> <span class='ocrx_word' id='word_1_191' title='bbox 551 3497 683 3559; x_wconf 89' lang='lat' dir='ltr'><strong>quarum</strong></span> <span class='ocrx_word' id='word_1_192' title='bbox 708 3473 808 3538; x_wconf 88' lang='grc'><strong>611616</strong></span> <span class='ocrx_word' id='word_1_193' title='bbox 831 3474 983 3538; x_wconf 88' lang='lat' dir='ltr'><strong>virtutem</strong></span> <span class='ocrx_word' id='word_1_194' title='bbox 1008 3475 1201 3537; x_wconf 88' lang='lat' dir='ltr'><strong>monstraret</strong></span> <span class='ocrx_word' id='word_1_195' title='bbox 1224 3470 1375 3535; x_wconf 84' lang='lat' dir='ltr'><strong>excelsio-</strong></span> 
     </span>
     <span class='ocr_line' id='line_1_27' title="bbox 179 3576 1376 3664; baseline -0.003 -20"><span class='ocrx_word' id='word_1_196' title='bbox 179 3602 264 3657; x_wconf 84' lang='lat' dir='ltr'><strong>rem,</strong></span> <span class='ocrx_word' id='word_1_197' title='bbox 296 3581 522 3664; x_wconf 81' lang='lat' dir='ltr'><strong>religiosiorem</strong></span> <span class='ocrx_word' id='word_1_198' title='bbox 547 3582 601 3645; x_wconf 90' lang='lat' dir='ltr'><strong>sed</strong></span> <span class='ocrx_word' id='word_1_199' title='bbox 627 3581 800 3644; x_wconf 86' lang='lat' dir='ltr'><strong>tristiorem</strong></span> <span class='ocrx_word' id='word_1_200' title='bbox 826 3602 922 3662; x_wconf 91' lang='lat' dir='ltr'><strong>quam</strong></span> <span class='ocrx_word' id='word_1_201' title='bbox 944 3579 1048 3644; x_wconf 92' lang='lat' dir='ltr'><strong>adhuc</strong></span> <span class='ocrx_word' id='word_1_202' title='bbox 1071 3578 1253 3653; x_wconf 84' lang='lat' dir='ltr'><strong>colebatur,</strong></span> <span class='ocrx_word' id='word_1_203' title='bbox 1276 3576 1376 3640; x_wconf 88' lang='lat' dir='ltr'><strong>vitam</strong></span> 
     </span>
     <span class='ocr_line' id='line_1_28' title="bbox 180 3682 1375 3771; baseline -0.005 -20"><span class='ocrx_word' id='word_1_204' title='bbox 180 3687 298 3751; x_wconf 83' lang='lat' dir='ltr'><strong>scilieet</strong></span> <span class='ocrx_word' id='word_1_205' title='bbox 329 3710 347 3750; x_wconf 90' lang='lat' dir='ltr'><strong>a</strong></span> <span class='ocrx_word' id='word_1_206' title='bbox 374 3687 594 3771; x_wconf 87' lang='lat' dir='ltr'><strong>voluptatibus</strong></span> <span class='ocrx_word' id='word_1_207' title='bbox 618 3686 771 3767; x_wconf 87' lang='lat' dir='ltr'><strong>alienam,</strong></span> <span class='ocrx_word' id='word_1_208' title='bbox 797 3686 838 3748; x_wconf 89' lang='lat' dir='ltr'><strong>ab</strong></span> <span class='ocrx_word' id='word_1_209' title='bbox 861 3685 1025 3749; x_wconf 92' lang='lat' dir='ltr'><strong>hominum</strong></span> <span class='ocrx_word' id='word_1_210' title='bbox 1052 3684 1202 3748; x_wconf 84' lang='lat' dir='ltr'><strong>societate</strong></span> <span class='ocrx_word' id='word_1_211' title='bbox 1224 3682 1375 3746; x_wconf 87' lang='lat' dir='ltr'><strong>remotio-</strong></span> 
     </span>
     <span class='ocr_line' id='line_1_29' title="bbox 180 3789 1377 3875; baseline -0.003 -20"><span class='ocrx_word' id='word_1_212' title='bbox 180 3814 264 3869; x_wconf 80' lang='lat' dir='ltr'><strong>rem3</strong></span> <span class='ocrx_word' id='word_1_213' title='bbox 286 3814 356 3857; x_wconf 90' lang='lat' dir='ltr'><strong>oum</strong></span> <span class='ocrx_word' id='word_1_214' title='bbox 377 3793 476 3857; x_wconf 87' lang='grc'><strong>611616</strong></span> <span class='ocrx_word' id='word_1_215' title='bbox 497 3796 609 3857; x_wconf 86' lang='grc'><strong>666116</strong></span> <span class='ocrx_word' id='word_1_216' title='bbox 632 3792 753 3855; x_wconf 88' lang='lat' dir='ltr'><strong>nullam</strong></span> <span class='ocrx_word' id='word_1_217' title='bbox 776 3791 951 3856; x_wconf 87' lang='lat' dir='ltr'><strong>officiorum</strong></span> <span class='ocrx_word' id='word_1_218' title='bbox 964 3791 1191 3875; x_wconf 87' lang='lat' dir='ltr'><strong>cogitationem</strong></span> <span class='ocrx_word' id='word_1_219' title='bbox 1203 3789 1377 3867; x_wconf 86' lang='lat' dir='ltr'><strong>indicaret,</strong></span> 
     </span>
     <span class='ocr_line' id='line_1_30' title="bbox 180 3895 1377 3983; baseline -0.003 -21"><span class='ocrx_word' id='word_1_220' title='bbox 180 3899 233 3962; x_wconf 90' lang='lat' dir='ltr'><strong>sed</strong></span> <span class='ocrx_word' id='word_1_221' title='bbox 253 3899 285 3962; x_wconf 90' lang='lat' dir='ltr'><strong>in</strong></span> <span class='ocrx_word' id='word_1_222' title='bbox 308 3901 467 3982; x_wconf 85' lang='lat' dir='ltr'><strong>captanda</strong></span> <span class='ocrx_word' id='word_1_223' title='bbox 485 3899 666 3983; x_wconf 86' lang='lat' dir='ltr'><strong>republica,</strong></span> <span class='ocrx_word' id='word_1_224' title='bbox 686 3898 721 3962; x_wconf 91' lang='lat' dir='ltr'><strong>in</strong></span> <span class='ocrx_word' id='word_1_225' title='bbox 742 3902 875 3980; x_wconf 88' lang='lat' dir='ltr'><strong>quaestu</strong></span> <span class='ocrx_word' id='word_1_226' title='bbox 895 3897 1057 3979; x_wconf 86' lang='lat' dir='ltr'><strong>faciendo,</strong></span> <span class='ocrx_word' id='word_1_227' title='bbox 1077 3896 1111 3959; x_wconf 90' lang='lat' dir='ltr'><strong>in</strong></span> <span class='ocrx_word' id='word_1_228' title='bbox 1122 3895 1311 3959; x_wconf 90' lang='lat' dir='ltr'><strong>libidinibus</strong></span> <span class='ocrx_word' id='word_1_229' title='bbox 1323 3916 1377 3959; x_wconf 84' lang='lat' dir='ltr'><strong>ex-</strong></span> 
     </span>
     <span class='ocr_line' id='line_1_31' title="bbox 180 3998 1377 4095; baseline -0.003 -28"><span class='ocrx_word' id='word_1_230' title='bbox 180 4004 304 4088; x_wconf 87' lang='lat' dir='ltr'><strong>plendis</strong></span> <span class='ocrx_word' id='word_1_231' title='bbox 324 4005 488 4095; x_wconf 85' lang='lat' dir='ltr'><strong>licentiam</strong></span> <span class='ocrx_word' id='word_1_232' title='bbox 508 4004 712 4087; x_wconf 86' lang='lat' dir='ltr'><strong>polliceretur</strong></span> <span class='ocrx_word' id='word_1_233' title='bbox 733 4003 835 4067; x_wconf 89' lang='lat' dir='ltr'><strong>multo</strong></span> <span class='ocrx_word' id='word_1_234' title='bbox 858 4003 1009 4066; x_wconf 88' lang='lat' dir='ltr'><strong>maiorem</strong></span> <span class='ocrx_word' id='word_1_235' title='bbox 1030 4023 1126 4084; x_wconf 85' lang='lat' dir='ltr'><strong>quarn</strong></span> <span class='ocrx_word' id='word_1_236' title='bbox 1145 4000 1249 4065; x_wconf 87' lang='lat' dir='ltr'><strong>adhue</strong></span> <span class='ocrx_word' id='word_1_237' title='bbox 1261 3998 1377 4064; x_wconf 81' lang='grc'><strong>166161.</strong></span> 
     </span>
    </p>

    <p class='ocr_par' dir='ltr' id='par_1_7' title="bbox 179 4106 1378 4405">
     <span class='ocr_line' id='line_1_32' title="bbox 224 4106 1376 4196; baseline -0.003 -23"><span class='ocrx_word' id='word_1_238' title='bbox 224 4109 264 4173; x_wconf 89' lang='grc' dir='ltr'><strong>Ι6</strong></span> <span class='ocrx_word' id='word_1_239' title='bbox 294 4112 398 4196; x_wconf 89' lang='lat' dir='ltr'><strong>primo</strong></span> <span class='ocrx_word' id='word_1_240' title='bbox 430 4110 623 4175; x_wconf 82' lang='lat' dir='ltr'><strong>Graecorum</strong></span> <span class='ocrx_word' id='word_1_241' title='bbox 654 4109 782 4193; x_wconf 89' lang='lat' dir='ltr'><strong>agmine</strong></span> <span class='ocrx_word' id='word_1_242' title='bbox 806 4108 975 4193; x_wconf 84' lang='lat' dir='ltr'><strong>Euripides</strong></span> <span class='ocrx_word' id='word_1_243' title='bbox 999 4108 1031 4172; x_wconf 92' lang='lat' dir='ltr'><strong>in</strong></span> <span class='ocrx_word' id='word_1_244' title='bbox 1057 4107 1136 4171; x_wconf 91' lang='lat' dir='ltr'><strong>illud</strong></span> <span class='ocrx_word' id='word_1_245' title='bbox 1160 4106 1376 4190; x_wconf 72' lang='grc'><strong>1111616661-</strong></span> 
     </span>
     <span class='ocr_line' id='line_1_33' title="bbox 179 4213 1378 4300; baseline -0.003 -19"><span class='ocrx_word' id='word_1_246' title='bbox 179 4222 317 4281; x_wconf 84' lang='lat' dir='ltr'><strong>venerat.</strong></span> <span class='ocrx_word' id='word_1_247' title='bbox 342 4217 433 4281; x_wconf 86' lang='lat' dir='ltr'><strong>Lieet</strong></span> <span class='ocrx_word' id='word_1_248' title='bbox 454 4216 522 4300; x_wconf 88' lang='lat' dir='ltr'><strong>ipse</strong></span> <span class='ocrx_word' id='word_1_249' title='bbox 544 4215 707 4280; x_wconf 88' lang='lat' dir='ltr'><strong>meliorem</strong></span> <span class='ocrx_word' id='word_1_250' title='bbox 734 4215 795 4279; x_wconf 92' lang='lat' dir='ltr'><strong>sibi</strong></span> <span class='ocrx_word' id='word_1_251' title='bbox 819 4216 904 4278; x_wconf 89' lang='lat' dir='ltr'><strong>viam</strong></span> <span class='ocrx_word' id='word_1_252' title='bbox 928 4213 1075 4298; x_wconf 88' lang='lat' dir='ltr'><strong>eligeret,</strong></span> <span class='ocrx_word' id='word_1_253' title='bbox 1100 4234 1166 4277; x_wconf 88' lang='lat' dir='ltr'><strong>esse</strong></span> <span class='ocrx_word' id='word_1_254' title='bbox 1189 4215 1298 4276; x_wconf 80' lang='lat' dir='ltr'><strong>tamen</strong></span> <span class='ocrx_word' id='word_1_255' title='bbox 1321 4213 1378 4296; x_wconf 92' lang='lat' dir='ltr'><strong>qui</strong></span> 
     </span>
     <span class='ocr_line' id='line_1_34' title="bbox 179 4317 1378 4405; baseline -0.003 -21"><span class='ocrx_word' id='word_1_256' title='bbox 179 4321 256 4386; x_wconf 85' lang='lat' dir='ltr'><strong>duce</strong></span> <span class='ocrx_word' id='word_1_257' title='bbox 287 4324 402 4385; x_wconf 88' lang='lat' dir='ltr'><strong>natura</strong></span> <span class='ocrx_word' id='word_1_258' title='bbox 425 4321 587 4385; x_wconf 89' lang='lat' dir='ltr'><strong>deterioris</strong></span> <span class='ocrx_word' id='word_1_259' title='bbox 610 4322 682 4385; x_wconf 91' lang='lat' dir='ltr'><strong>viae</strong></span> <span class='ocrx_word' id='word_1_260' title='bbox 709 4320 830 4384; x_wconf 85' lang='lat' dir='ltr'><strong>deliciis</strong></span> <span class='ocrx_word' id='word_1_261' title='bbox 854 4323 1043 4405; x_wconf 83' lang='lat' dir='ltr'><strong>caperentur</strong></span> <span class='ocrx_word' id='word_1_262' title='bbox 1066 4322 1098 4383; x_wconf 90' lang='grc'><strong>61</strong></span> <span class='ocrx_word' id='word_1_263' title='bbox 1119 4317 1322 4401; x_wconf 85' lang='lat' dir='ltr'><strong>intelligebat</strong></span> <span class='ocrx_word' id='word_1_264' title='bbox 1345 4319 1378 4381; x_wconf 88' lang='lat' dir='ltr'><strong>et</strong></span> 
     </span>
    </p>
   </div>
   <div class='ocr_carea' id='block_1_5' title="bbox 178 4415 1511 4511">
    <p class='ocr_par' dir='ltr' id='par_1_8' title="bbox 178 4415 1511 4511">
     <span class='ocr_line' id='line_1_35' title="bbox 178 4415 1511 4511; baseline -0.002 -21"><span class='ocrx_word' id='word_1_265' title='bbox 178 4426 376 4511; x_wconf 90' lang='lat' dir='ltr'><strong>aliquatenus</strong></span> <span class='ocrx_word' id='word_1_266' title='bbox 398 4427 603 4511; x_wconf 87' lang='lat' dir='ltr'><strong>ignoscebat;</strong></span> <span class='ocrx_word' id='word_1_267' title='bbox 626 4448 689 4510; x_wconf 90' lang='lat' dir='ltr'><strong>quo</strong></span> <span class='ocrx_word' id='word_1_268' title='bbox 710 4424 832 4490; x_wconf 86' lang='lat' dir='ltr'><strong>factum</strong></span> <span class='ocrx_word' id='word_1_269' title='bbox 853 4428 901 4489; x_wconf 91' lang='lat' dir='ltr'><strong>est</strong></span> <span class='ocrx_word' id='word_1_270' title='bbox 925 4425 1013 4489; x_wconf 89' lang='lat' dir='ltr'><strong>utin</strong></span> <span class='ocrx_word' id='word_1_271' title='bbox 1034 4446 1071 4489; x_wconf 94' lang='lat' dir='ltr'><strong>eo</strong></span> <span class='ocrx_word' id='word_1_272' title='bbox 1091 4424 1227 4489; x_wconf 87' lang='lat' dir='ltr'><strong>mixtum</strong></span> <span class='ocrx_word' id='word_1_273' title='bbox 1247 4426 1280 4489; x_wconf 90' lang='lat' dir='ltr'><strong>et</strong></span> <span class='ocrx_word' id='word_1_274' title='bbox 1299 4443 1377 4488; x_wconf 89' lang='lat' dir='ltr'><strong>oon·</strong></span> <span class='ocrx_word' id='word_1_275' title='bbox 1509 4415 1511 4418; x_wconf 35' lang='lat'>⁵</span> 
     </span>
    </p>
   </div>
   <div class='ocr_carea' id='block_1_6' title="bbox 177 4529 1374 4616">
    <p class='ocr_par' dir='ltr' id='par_1_9' title="bbox 177 4529 1374 4616">
     <span class='ocr_line' id='line_1_36' title="bbox 177 4529 1374 4616; baseline -0.002 -21"><span class='ocrx_word' id='word_1_276' title='bbox 177 4533 282 4597; x_wconf 90' lang='lat' dir='ltr'><strong>fusum</strong></span> <span class='ocrx_word' id='word_1_277' title='bbox 307 4533 467 4597; x_wconf 90' lang='lat' dir='ltr'><strong>videamus</strong></span> <span class='ocrx_word' id='word_1_278' title='bbox 487 4533 567 4597; x_wconf 91' lang='lat' dir='ltr'><strong>illud</strong></span> <span class='ocrx_word' id='word_1_279' title='bbox 589 4534 675 4616; x_wconf 92' lang='lat' dir='ltr'><strong>quod</strong></span> <span class='ocrx_word' id='word_1_280' title='bbox 695 4531 837 4597; x_wconf 84' lang='lat' dir='ltr'><strong>restabat</strong></span> <span class='ocrx_word' id='word_1_281' title='bbox 855 4552 894 4596; x_wconf 85' lang='lat' dir='ltr'><strong>ex</strong></span> <span class='ocrx_word' id='word_1_282' title='bbox 915 4531 1056 4615; x_wconf 85' lang='lat' dir='ltr'><strong>antiquis</strong></span> <span class='ocrx_word' id='word_1_283' title='bbox 1076 4529 1281 4614; x_wconf 89' lang='lat' dir='ltr'><strong>opinionibus</strong></span> <span class='ocrx_word' id='word_1_284' title='bbox 1301 4550 1374 4595; x_wconf 89' lang='lat' dir='ltr'><strong>cum</strong></span> 
     </span>
    </p>
   </div>
   <div class='ocr_carea' id='block_1_7' title="bbox 0 0 1630 5217">
    <p class='ocr_par' dir='ltr' id='par_1_10' title="bbox 0 0 1630 5217">
     <span class='ocr_line' id='line_1_37' title="bbox 0 0 1630 5217; baseline 0 0"><span class='ocrx_word' id='word_1_285' title='bbox 0 0 1630 5217; x_wconf 95' lang='lat' dir='ltr'><strong> </strong></span> 
     </span>
    </p>
   </div>
  </div>
 </body>
</html>
