3250 5217
676 1473 871 1586 PARS
904 1474 976 1585 H.

234 1734 357 1814 QUID
383 1732 638 1807 EURIPIDES
664 1731 729 1803 DE
755 1729 930 1811 RERUM
955 1729 1156 1803 NATURA
1183 1730 1421 1807 SENSERIT.

713 2168 901 2253 CAPUT
923 2170 957 2253 Ι.

369 2400 634 2451 PRAEMONENDA
659 2402 704 2451 ΒΕ
729 2401 997 2451 VALOKENAERII
1023 2400 1288 2452 DISPUTATIONE.

277 2566 341 2630 Eas
365 2568 556 2646 sententias,
581 2591 660 2655 quas
682 2569 850 2654 Euripides
873 2570 912 2634 de
935 2570 1029 2634 rebus
1051 2570 1192 2654 physicis
1215 2568 1363 2651 exhibet,
1386 2568 1424 2631 il·

232 2674 439 2739 lustrissimus
462 2675 644 2761 philologus
667 2680 793 2741 nostras
818 2676 1067 2742 Valckenaerius
1086 2700 1150 2762 qua
1168 2678 1230 2741 fuit
1247 2675 1425 2741 eruditione

231 2780 266 2843 in
297 2780 433 2846 diatribe
464 2781 502 2845 de
531 2780 726 2866 perditorum
758 2782 938 2847 dramatum
970 2782 1111 2867 reliquiis
1142 2785 1181 2868 (e.
1205 2783 1272 2864 IV,
1297 2781 1336 2855 V,
1364 2778 1425 2863 VI)

175 2906 177 2908 ·
232 2886 378 2971 collegit,
399 2888 568 2973 disposuit,
594 2892 825 2954 commentatus
838 2892 895 2954 est
921 2888 1115 2955 Posteriores
1127 2889 1268 2975 plerique
1279 2890 1314 2953 in
1327 2887 1424 2952 verba

232 2992 376 3078 magistri
396 2994 516 3079 egregii
524 2996 726 3080 juraverunt.
739 2994 844 3071 Quum
855 2998 964 3061 tamen
976 3017 1042 3060 non
1055 3018 1183 3081 prorsus
1195 3017 1267 3060 cum
1278 2993 1334 3059 illo
1347 3015 1424 3059 con-

232 3099 348 3164 sentire
379 3101 515 3185 possim,
540 3100 653 3184 reliqui
677 3104 783 3165 autem
807 3102 991 3186 paucissimi
1014 3103 1070 3187 qui
1094 3102 1123 3167 ei
1148 3100 1288 3167 oblocuti
1311 3102 1387 3165 sunt
1401 3099 1425 3186 ¹)

231 3209 355 3290 partem
374 3209 500 3271 tantum
524 3207 719 3291 quaestionis
736 3208 875 3272 breviter
894 3209 1050 3294 complexi
1070 3209 1137 3272 sint
1155 3229 1213 3273 nec
1225 3229 1295 3272 meo
1304 3206 1424 3291 judicio

221 3308 347 3397 'ubique
370 3334 478 3378 verum
501 3314 689 3397 tetigerint,
715 3335 781 3378 non
803 3314 917 3378 inutile
941 3314 1018 3378 mihi
1040 3313 1144 3379 visum
1169 3317 1218 3379 est
1240 3315 1341 3379 totam
1360 3335 1425 3377 rem

233 3418 335 3483 denuo
359 3421 561 3504 pertractare.
598 3418 734 3484 Videtur
757 3419 836 3484 mihi
859 3418 1107 3485 Valckenaerius
1131 3420 1279 3505 quamvis·
1299 3417 1426 3482 investi·
1479 3438 1483 3443 ’

231 3528 324 3608 gater
355 3526 553 3590 acutissimus
585 3525 681 3589 nimis
712 3529 830 3590 temere
860 3525 895 3588 in
927 3525 1145 3591 concludendo
1180 3528 1323 3589 versatus
1360 3544 1427 3587 esse

231 3650 335 3713 neque
358 3631 434 3694 satis
463 3632 666 3715 perpendisse
697 3630 881 3696 testimonia
908 3631 1082 3715 quaedam,
1111 3653 1191 3716 quae
1214 3631 1282 3715 ipse
1306 3629 1425 3693 attulit.

231 3733 336 3809 Quum
367 3736 452 3799 enim
481 3741 606 3802 constet
635 3738 721 3801 inter
751 3757 862 3801 omnes
893 3737 1119 3822 Anaxagoram
1142 3736 1239 3801 fuisse
1261 3735 1425 3820 Euripidis

231 3848 484 3927 praeceptorem,
513 3843 614 3908 sicubi
639 3846 733 3928 poeta
760 3843 798 3908 de
822 3865 928 3908 rerum
949 3847 1065 3908 natura
1085 3843 1168 3907 dixit
1188 3843 1322 3927 aliquid,
1346 3864 1427 3926 quae

231 3947 368 4030 plurime
391 3953 538 4014 accurata
557 3940 765 4034 indagatione
786 3949 933 4035 collegit,
954 3950 1063 4013 statim
1087 3971 1124 4013 ca
1136 3949 1253 4035 ¹omnia
1270 3949 1372 4012 defert
1386 3950 1425 4012 ad

231 4054 444 4139 Anaxagorae
472 4056 607 4139 placita,
640 4058 857 4121 demonstrare
889 4059 1023 4120 conatus
1051 4054 1241 4140 discipulum
1265 4075 1426 4119 »amorem

232 4179 295 4243 quo
311 4164 545 4245 praeceptorem
567 4161 602 4225 in
622 4161 672 4225 his
690 4162 784 4226 rebus
795 4164 977 4245 sequeretur
990 4160 1157 4246 aliquoties
1168 4165 1321 4226 testatum
1335 4159 1427 4224 nobis

231 4267 399 4331 voluisse”.
440 4266 549 4332 Liceat
587 4267 666 4331 mihi
703 4267 799 4353 paulo
835 4269 991 4333 diversam
1021 4268 1106 4334 viam
1136 4269 1279 4353 ingresso
1313 4270 1426 4353 poetae

230 4434 425 4445 -—..—-—-

264 4521 291 4587 1)
310 4521 383 4570 Velut
398 4518 554 4579 Bouteruck,
573 4520 663 4579 Ilasee,
678 4519 745 4568 cuius
763 4519 907 4585 disputatio,
926 4536 998 4583 quam
1014 4536 1153 4585 comparare
1170 4520 1229 4568 mihi
1246 4535 1293 4569 non
1310 4518 1424 4584 contigit,

231 4620 274 4668 per
291 4601 453 4652 adversarium
469 4602 587 4665 quendam
604 4601 665 4651 mihi
682 4601 802 4660 innotuit,
822 4600 1149 4651 Wilamorritz-Mdllendorff
1162 4605 1208 4652 oct.
