3250 5217
748 404 790 469 57

174 589 251 653 Eur.
284 588 367 653 eet'’.
400 587 488 651 Idem
521 586 675 671 respicere
707 588 857 652 videntur
878 587 1024 653 Platonis
1046 586 1144 651 verba
1166 589 1250 671 apud
1273 587 1361 651 Plut.

175 694 246 774 ssepi
279 699 332 759 τοῦ
355 693 471 775 τούτου
496 698 618 774 ψυχροῦ
642 693 709 778 (pg.
734 693 800 758 954
812 693 867 780 F):
893 691 956 759 ὅθεν
980 695 1012 759 οὔ
1036 692 1122 758 κοντοὶ
1145 693 1249 771 χώραν
1273 691 1362 766 μόνον

173 802 261 867 ἄλλο)
286 800 339 865 real
364 802 436 865 κοτ’
460 800 565 865 οὐσίαν
590 800 817 878 ἀμετάβλητον
840 802 908 886 (τὴν
932 807 991 879 γῆν
1015 801 1073 885 so.)
1097 799 1224 864 'Errlar
1248 796 1306 865 ἅτε
1326 799 1361 875 δὴ

174 908 325 985 μένουσαν
350 908 379 973 ἐν
401 910 470 972 θεῶν
494 908 562 987 οἴνῳ
589 908 729 992 [uestra]
754 899 997 986 προσηγόρευσάν
1020 908 1046 971 οἱ
1070 915 1218 985 rutatos,
1237 907 1286 972 aa
1307 907 1362 981 rire

173 1014 284 1080 στοὶσον
309 1014 360 1079 κον)
386 1014 485 1089 τῆξιν.
789 1092 791 1095 ¹

220 1120 388 1197 Quaeritur
417 1120 547 1205 quinam
580 1118 646 1183 sint
676 1120 702 1185 ol
734 1121 821 1201 σοφοὶ
855 1120 970 1199 βροτῶν
997 1119 1160 1204 Euripidi,
1184 1118 1208 1185 oi
1233 1128 1361 1185 τολοῖοο

175 1226 361 1294 Plutarcho.
393 1224 505 1311 Neque
534 1246 720 1310 responsum
753 1231 936 1311 promptum
962 1226 1200 1292 desiderabitur.
1226 1226 1363 1291 Theolo-

175 1353 317 1418 gumena
339 1330 553 1397 Arithmetioa
578 1342 644 1416 (pg.
672 1334 689 1396 7
715 1335 764 1401 ed.
789 1334 862 1419 Ast)
885 1333 947 1398 hoe
969 1332 1120 1399 offerunt:
1146 1332 1198 1397 aul
1219 1334 1254 1407 u,
1273 1332 1363 1410 Εὖρο-

174 1440 265 1514 elta
288 1442 326 1512 ὥς
351 1437 564 1519 Ἀναξαγόρου
590 1439 751 1516 γενόμενος
776 1441 917 1519 μαθητὴς
938 1436 1015 1505 οὕτω
1034 1447 1089 1513 τῆς
1110 1447 1168 1516 γῆς
1188 1439 1366 1517 μέμνηται,

175 1546 305 1612 Ἑστίαν
338 1571 366 1610 οι.
380 1570 409 1612 τ.
423 1560 454 1610 λ.
479 1544 627 1630 Suspicor
651 1545 711 1611 hoo
734 1568 855 1611 norum
878 1568 944 1611 esse
967 1546 1145 1630 exemplum
1168 1546 1254 1611 illius
1277 1570 1364 1621 »μοι

175 1653 265 1725 νίοο”
290 1653 399 1717 omnia
421 1674 503 1736 quae
525 1655 621 1737 poeta
645 1652 727 1717 dixit
750 1656 789 1717 ed
810 1653 1036 1737 Anaxagoram
1057 1653 1252 1728 revocantis,
1270 1674 1364 1737 quem

173 1760 252 1825 talia
276 1759 418 1824 docuisse
442 1780 597 1843 nusquam
623 1763 764 1842 apparet.

219 1865 379 1932 Prellerus
402 1864 442 1950 (Ι.
467 1885 522 1949 pg.
548 1865 612 1929 328
639 1867 700 1952 sq.)
724 1869 820 1949 putat
842 1866 938 1930 etiam
959 1865 1101 1929 fabulam
1122 1864 1256 1950 (Hymn.
1269 1864 1366 1931 Hom.

172 1973 206 2037 in
245 1970 390 2055 Aphrod.
426 1993 471 2035 vs.
508 1971 551 2033 24
584 1971 678 2056 sqq.)‚
711 1992 775 2055 qua
798 1976 970 2036 narrentur
998 1970 1170 2056 Neptunus
1194 1975 1226 2035 et
1248 1970 1366 2055 Apollo

174 2078 308 2143 Vestam
340 2077 400 2141 sibi
424 2077 455 2141 in
483 2076 720 2139 matrimonium
745 2078 911 2161 petivisse,
937 2077 1119 2162 significare
1141 2099 1209 2140 eam
1234 2077 1366 2143 eandem

175 2206 243 2248 esse
268 2205 348 2267 quae
372 2186 474 2257 terra,
500 2203 595 2266 quam
620 2182 738 2247 soilioet
762 2183 809 2247 sol
828 2218 867 2243 =
888 2184 1007 2267 Apollo
1031 2183 1154 2247 assidue
1175 2182 1368 2266 conspiciat,

172 2311 262 2354 mare
283 2314 324 2340 =
347 2287 519 2373 Neptunus
551 2289 772 2372 amplectatur.
804 2288 948 2373 Eamque
982 2288 1096 2354 dehine
1130 2288 1227 2373 rulgo
1250 2292 1367 2353 terram

173 2417 241 2461 esse
261 2395 423 2472 habitam,
443 2394 599 2479 imprimis
620 2417 638 2457 a
658 2394 858 2480 philosophis
878 2395 1044 2479 poetisque
1055 2394 1365 2479 philosophantibus.

217 2502 324 2567 Huius
348 2506 456 2567 tamen
480 2501 526 2565 rei
550 2501 675 2566 nullum
700 2505 814 2566 testem
833 2501 986 2586 Euripide
1005 2502 1142 2586 priorem
1155 2502 1251 2579 citat,
1265 2522 1367 2585 neque

174 2609 253 2673 sotis
277 2608 415 2692 explieat
438 2630 500 2692 qua
523 2608 647 2671 ratione
671 2629 742 2672 oum
765 2612 852 2672 terra
876 2608 1050 2692 permutari
1075 2609 1222 2692 eoeperit.

220 2713 273 2778 Me
294 2713 401 2796 judice
421 2712 519 2777 Vesta
539 2713 633 2777 initio
654 2712 733 2790 fuit,
747 2735 828 2798 quae
840 2736 963 2798 semper
975 2714 1104 2793 mansit,
1117 2714 1179 2779 soei
1192 2716 1259 2779 dea.
1285 2712 1369 2788 Qua·

173 2822 307 2905 propter
331 2802 465 2904 (Hymn.
491 2818 526 2882 in
550 2818 695 2901 Aphrod.
721 2840 767 2883 vs.
794 2821 850 2901 29)

357 2926 429 3006 τῇδε
454 2927 556 3004 τοοτὴρ
581 2924 670 2990 δῶκεν
695 2930 791 2990 καλὸν
811 2925 907 3008 γέρας
932 2925 1001 2989 rivel
1022 2920 1158 3003 νομοῖο,

358 3032 411 3095 aei
435 3055 470 3095 τε
495 3030 578 3110 μέσῳ
602 3032 669 3112 οἴκῳ
696 3031 768 3096 κοτ’
795 3030 844 3109 ἄρ’
869 3029 953 3113 ἕζετο
977 3040 1052 3108 utar
1077 3031 1201 3096 ἑλοῦσα.

221 3137 323 3211 Foous
355 3138 440 3202 enim
464 3141 533 3202 eret
555 3139 676 3203 medius
700 3139 828 3203 aedium
852 3140 957 3216 loeus,
983 3138 1038 3202 ubi
1061 3160 1150 3202 saera
1173 3138 1312 3215 fiebant,
1337 3141 1371 3203 et

176 3265 239 3331 quo
272 3243 307 3308 in
330 3244 425 3307 rebus
450 3243 645 3308 solemnibus
669 3248 739 3308 tota
761 3244 885 3308 familia
910 3244 1078 3309 eonvenire
1102 3244 1240 3321 solebat,
1263 3232 1371 3328 it'eque

176 3350 278 3415 evasit
320 3350 499 3434 symbolum
543 3350 641 3415 totius
678 3354 790 3415 domus
805 3351 828 3431 1)
864 3350 1092 3435 familiarisque
1126 3352 1369 3435 conjunctionis.

178 3456 319 3521 Societas
344 3456 485 3519 humana
509 3476 627 3539 magua
650 3477 717 3519 esse
740 3455 863 3519 familia
885 3456 1163 3540 habebatur,qu0
1183 3456 1371 3522 factumest

178 3565 216 3627 ut
234 3562 384 3627 'civitates
408 3581 533 3645 quoque
558 3584 649 3626 suum
674 3562 831 3626 haberent
853 3562 979 3639 focum,
1003 3562 1058 3646 qui
1078 3566 1186 3627 eodem
1206 3563 1276 3627 loeo
1288 3585 1370 3628 sem-

181 3690 237 3753 per
260 3668 470 3732 sustineretur
495 3690 679 3753 summeque
703 3668 906 3733 veneratione
929 3668 1094 3736 coleretur.
1118 3667 1170 3733 sio
1193 3669 1281 3734 foeus
1302 3673 1371 3734 erat

182 3773 270 3837 velut
293 3774 382 3838 sedes
405 3773 528 3837 stabilis
552 3774 763 3858 omnibusque
786 3774 972 3839 eommunis.
996 3773 1067 3839 Hae
1086 3775 1212 3839 ratione
1230 3776 1372 3860 suspicor

182 3888 243 3951 τοῖς
268 3885 372 3959 σοφοῖς
393 3880 525 3962 βροτῶν,
548 3901 628 3964 quos
644 3880 748 3964 jactat
767 3879 946 3964 Euripides,
966 3901 1063 3964 quum
1088 3882 1190 3945 totum
1216 3884 1370 3946 mundum

182 4008 247 4049 una
281 3985 490 4069 contompleri
521 3986 717 4070 coepissent,
748 3990 884 4064 terram,
905 3987 1028 4050 artarer
1051 3984 1114 4057 ἕδος
1139 3989 1286 4064 troanie
1310 3987 1370 4053 οἷο)

183 4094 311 4156 auctore
341 4090 480 4156 Hesiodo
507 4090 640 4176 (Theog.
677 4092 765 4175 117),
796 4091 884 4168 ξονῆν
910 4094 1031 4156 πάντων
1055 4094 1126 4156 θεῶν
1150 4096 1279 4157 auctore
1301 4093 1370 4158 Ho-

184 4217 269 4261 mero
302 4196 353 4281 (11.
387 4196 459 4261 XV.
488 4197 565 4282 193)
590 4196 688 4261 risam
714 4219 781 4261 esse
803 4198 908 4263 sedem
932 4198 1019 4262 illam
1043 4198 1198 4277 mediam,
1221 4199 1372 4265 immuta-

220 4463 245 4526 1)
264 4463 348 4527 Ipsum
369 4478 463 4527 quoque
485 4462 625 4513 vocabulum
651 4460 726 4513 ἑστΙοι
743 4466 771 4513 ut
787 4464 851 4529 apud
868 4466 986 4513 nostrates
1002 4480 1071 4529 saepe
1090 4468 1167 4515 totam
1183 4466 1279 4515 domum
1295 4463 1368 4535 signi·

185 4543 250 4603 flost;
268 4544 314 4595 rid.
332 4544 415 4595 Aesoh.
433 4545 491 4593 Cho.
509 4546 566 4604 264,
584 4546 648 4597 Pers.
665 4546 723 4598 865.
742 4545 814 4618 Soph.
832 4546 893 4601 Aiax
909 4547 967 4607 860,
984 4547 1043 4597 Oed.
1062 4546 1114 4598 ou
1132 4547 1189 4602 688.
