3250 5217
753 500 794 565 65

175 686 305 773 senarii,
331 686 387 771 qni
410 686 508 770 vulgo
532 684 701 749 adrerum
724 687 874 749 naturam
895 685 1085 751 referuntur.
1105 686 1272 753 Vitruvius
1292 687 1366 773 (IX,

177 795 268 877 1‚13)
292 793 331 858 de
353 792 419 857 sole
443 790 609 877 disputans
633 790 793 875 Euripidis
815 792 928 856 laudet
948 792 1035 858 hunc
1057 816 1121 859 vs:

380 900 459 963 salet
484 898 526 962 rol
551 896 665 981 πόρρω,
689 898 850 975 τάγγύθεν
874 896 901 961 δ’
917 898 1042 978 εὔκρατ’
1066 896 1152 979 ἔχει,

175 1007 225 1073 cui
256 1004 429 1070 admodum
460 1003 668 1089 probabiliter
691 1026 710 1067 a
733 1002 886 1069 Barnesio
910 1005 1126 1090 praemittitur
1148 1005 1201 1071 hie
1223 1006 1366 1072 senarius

175 1112 355 1180 aStobaeo
379 1114 523 1176 servatus
548 1108 629 1195 (acl.
654 1108 679 1176 I.
706 1108 793 1188 25‚3.
818 1131 872 1196 pg.
898 1111 997 1198 540):

274 1220 366 1298 θερμὴ
391 1218 417 1281 δ’
442 1214 574 1288 ἄνακτος
599 1212 684 1295 <tali
709 1215 938 1296 ὑπερτέλλοντα
961 1226 1021 1295 γῆς
1046 1217 1124 1303 (vid.
1147 1217 1187 1282 fr.
1214 1218 1304 1305 776).

177 1325 425 1395 Valckenaerius
450 1324 517 1409 (pg.
545 1324 601 1409 33)
624 1324 762 1388 annotat
780 1345 852 1388 curn
874 1323 935 1389 hoc
954 1315 1157 1409 paradoxon:
1177 1324 1252 1389 solis
1271 1347 1368 1410 supra

176 1437 293 1499 terram
317 1431 471 1495 orientem
495 1428 657 1493 flammam
683 1428 829 1513 regiones
852 1428 1013 1514 longiores
1036 1452 1144 1507 urere,
1166 1430 1367 1516 propioribus

176 1560 251 1605 vero
274 1542 451 1622 temperare
475 1573 513 1585 —
535 1534 669 1599 fortasse
687 1534 723 1598 in
743 1534 852 1600 schola
870 1535 1081 1621 Anaxagorae
1092 1535 1247 1601 didicisse.
1260 1536 1369 1601 Liceat

176 1645 256 1710 mihi
286 1643 444 1707 diversam
478 1662 637 1725 exponere
668 1641 871 1725 opinionem,
904 1664 984 1727 quae
1007 1642 1116 1707 statim
1139 1642 1259 1727 legenti
1283 1642 1368 1709 ultro

177 1774 210 1818 se
234 1750 361 1817 obtulit.

222 1857 255 1924 si
285 1856 496 1939 Anaxagoras
524 1856 591 1939 jam
618 1854 701 1919 idem
726 1854 900 1941 docuisset,
926 1855 1095 1921 verisimile
1118 1857 1167 1920 est
1190 1854 1251 1921 hoc
1274 1856 1368 1921 nobis

174 1962 385 2050 posteriorum
411 1960 548 2046 aliquem
571 1959 765 2025 traditurum
788 1960 904 2045 fuisse,
930 1998 970 2010 -
992 1960 1159 2026 Vitruvius
1176 1959 1246 2045 ipse
1263 1962 1368 2047 negli-

175 2092 250 2156 gere
274 2069 329 2134 vix
351 2068 525 2153 potuisset,
548 2105 588 2115 —
609 2087 647 2131 eo
668 2067 787 2151 magis,
808 2068 893 2151 quod
913 2071 1069 2153 quantum
1090 2087 1149 2152 ego
1169 2066 1251 2145 scio,
1273 2089 1367 2134 nemo

176 2180 261 2242 certe
291 2174 547 2240 antecedentium
571 2177 604 2238 et
627 2172 826 2257 aequalium,
850 2173 949 2237 immo
972 2194 1013 2239 ne
1036 2173 1271 2238 succedentium
1295 2173 1367 2258 qui-

177 2283 249 2348 dem
284 2280 549 2367 philosophorum
584 2279 686 2344 simile
720 2279 797 2365 quid
832 2280 1039 2365 evulgaverit.
1080 2276 1198 2345 Scribit
1233 2279 1367 2346 Valclr.:

177 2388 318 2455 »Versus
342 2390 502 2473 superstes
524 2393 651 2471 poetam
675 2386 902 2471 philosophum
927 2389 1085 2451 monstrat
1106 2387 1142 2450 in
1161 2387 1256 2452 rebus
1273 2390 1368 2453 natu-

175 2517 230 2560 rae
262 2498 300 2559 ut
331 2498 422 2560 erent
444 2497 514 2558 tum
538 2496 682 2578 tempora
705 2493 782 2557 satis
804 2492 1044 2558 exercitatum”.
1080 2492 1151 2579 Ego
1174 2516 1249 2559 vero
1272 2494 1367 2560 vehe-

176 2603 302 2666 menter
336 2600 448 2665 dubito
479 2599 566 2664 istud
598 2602 715 2683 dogma
741 2620 813 2664 vere
844 2600 1028 2683 paradoxon
1062 2600 1160 2666 veluti
1190 2601 1368 2667 naturalem

174 2707 280 2793 legem
304 2728 341 2771 eo
362 2710 505 2790 tempore
528 2706 667 2791 positum
692 2727 767 2770 esse.

221 2813 261 2878 In
285 2815 425 2893 mentem
449 2811 528 2876 mihi
550 2812 640 2877 venit
661 2811 885 2896 interpretatio
907 2811 1059 2878 humilior
1083 2815 1116 2879 et
1138 2814 1310 2899 vulgarior.

221 2919 357 2986 Necesse
379 2920 442 2984 fuit
465 2939 572 3003 regem
596 2918 762 3002 Meropem
785 2918 930 3003 proxime
952 2920 1044 2984 aedes
1067 2919 1188 2985 Phoebi
1211 2920 1367 2991 habitare.

174 3028 318 3095 Primum
341 3026 426 3091 enim
450 3047 500 3090 res
523 3025 558 3089 in
581 3024 752 3108 Aethiopia
775 3025 960 3109 gerebatur,
985 3026 1100 3091 deinde
1124 3025 1264 3111 Meropis
1287 3051 1367 3094 uxor

174 3133 329 3219 Olymena
353 3132 482 3197 Phoebo
506 3134 672 3216 pepererat
695 3131 796 3195 filium
820 3131 1080 3210 Phaethontem,
1107 3132 1157 3196 cui
1180 3133 1265 3197 inter
1288 3134 1366 3200 duas

174 3241 289 3305 domus
330 3243 480 3323 paternas
514 3236 608 3303 facile
644 3237 802 3321 breveque
836 3238 1057 3303 commercium
1100 3240 1210 3323 patere
1245 3238 1366 3308 debuit

176 3348 298 3413 Tamen
329 3344 488 3429 praestitit
528 3343 699 3428 producere
733 3343 896 3428 regionem
933 3348 1108 3428 temperato
1141 3346 1228 3410 coelo
1262 3368 1369 3411 amoe-

141 3498 145 3507 -
176 3476 270 3530 nam,
294 3451 501 3535 hominesque
525 3448 654 3515 Graecis
677 3449 812 3527 similes,
838 3472 895 3514 nec
921 3450 1073 3516 barbaros
1096 3450 1172 3517 solis
1195 3452 1369 3538 propinqui

177 3562 253 3645 igne
275 3559 310 3623 in
335 3558 427 3643 nigra
448 3579 581 3641 corpora
604 3560 706 3622 tostos
720 3555 756 3644 1),
781 3577 861 3641 quos
884 3556 967 3622 cives
987 3556 1217 3638 Athenienses,
1237 3560 1370 3645 opinor,

177 3667 213 3731 in
244 3687 350 3737 scena,
373 3685 440 3728 non
472 3663 629 3728 tulissent.
662 3662 747 3729 Sicui
783 3667 914 3727 naturae
937 3662 1033 3729 nimis
1055 3685 1236 3750 repugnare
1258 3666 1371 3732 viden·

177 3777 231 3837 tur
264 3771 439 3855 Aethiopes
471 3770 614 3848 candidi,
647 3768 674 3833 is
703 3769 845 3853 poeticae
875 3769 1032 3835 libertatis
1063 3771 1220 3836 rationem
1244 3771 1371 3841 habeat.

176 3877 282 3949 Ἥλιος
308 3880 410 3955 πατὴρ
437 3876 568 3941 omnine
589 3875 698 3960 prodit
718 3876 795 3940 deus
814 3876 1054 3960 potentissimus
1072 3878 1241 3962 imperium
1259 3882 1373 3945 tenens

179 3985 292 4050 caloris
327 3983 455 4065 solaris,
490 3983 540 4047 cui
570 4003 627 4047 suo
659 3981 792 4047 arbitrio
824 3981 962 4048 habenas
993 3983 1164 4050 immittere
1195 3987 1229 4050 et
1250 3988 1372 4072 tempe-

178 4113 248 4156 rare
274 4090 383 4175 possit.
416 4088 469 4154 Sic
500 4088 631 4174 roganti
655 4087 867 4165 Phaethonti,
895 4110 938 4153 an
960 4090 1129 4155 incolumis
1152 4091 1219 4156 eius
1243 4091 1372 4157 domum

179 4197 300 4263 intrare
334 4196 452 4281 possit,
488 4197 589 4259 mater
625 4197 814 4278 respondet:
850 4194 905 4259 ille
934 4196 1061 4261 cavebit
1090 4218 1131 4262 ne
1161 4198 1288 4283 corpori
1316 4202 1373 4263 tuo

179 4306 310 4369 noceat:

277 4409 362 4488 κείνῳ
386 4407 515 4507 μελήσει
539 4412 632 4485 σῶμα
657 4406 884 4485 taladiciacus
909 4406 944 4470 rt
968 4408 1020 4472 σόν
1043 4407 1095 4494 (fr.
1121 4409 1197 4487 775,
1222 4431 1252 4474 v.
1278 4411 1323 4494 6).

188 4554 374 4569 ,,-,,-......-

214 4644 241 4702 lt
258 4641 438 4692 Observandum
454 4643 529 4692 estin
544 4644 574 4693 fr.
591 4642 638 4695 771
655 4644 706 4693 sius
722 4642 828 4710 regionis
837 4642 927 4692 vicinos
936 4642 1076 4709 (γείτονας)
1084 4643 1163 4693 vocari
1172 4642 1375 4704 μελαμβρότννς.

1241 4743 1255 4789 11
