3250 5217
813 428 876 493 lea

243 658 248 689 ,ς
297 611 404 677 Habes
435 611 544 675 scriem
580 609 770 675 feminarum
805 629 877 674 cnm
910 608 1173 693 nequissimarum
1197 611 1266 672 tum
1291 606 1459 691 probissi-

251 740 394 794 marum3
426 716 525 781 habes
548 737 700 801 magnam
726 716 850 801 copiam
876 715 1107 779 sententiarum
1131 713 1246 799 quibus
1269 712 1354 777 nihil
1382 734 1458 777 mu·

249 824 343 889 liebri
374 845 449 888 sexu
480 822 635 907 perditius
664 826 696 887 et
718 822 872 906 abjectius
896 843 962 886 esse
985 821 1116 902 dicitur,
1142 823 1175 884 et
1197 841 1306 884 rursus
1328 818 1460 903 quibus

249 930 398 998 laudibus
429 934 578 1005 ornatur3
612 967 652 977 -
685 928 850 1013 quaeritur
880 930 1040 1013 quomodo
1070 927 1247 991 sententiae
1278 928 1460 1009 tantopere

251 1037 337 1101 inter
367 1058 400 1101 se
427 1038 644 1121 repugnantes
666 1036 701 1099 in
726 1056 791 1099 unc
814 1035 945 1099 homine
967 1034 1158 1118 conjunctae
1181 1054 1247 1096 esse
1270 1031 1458 1117 potuerint.

248 1196 252 1204 .,
298 1142 348 1207 Hx
382 1137 529 1207 universa
558 1140 750 1207 Graecorum
782 1140 934 1225 opinione
965 1140 1003 1204 dc
1031 1161 1106 1205 sexu
1129 1138 1294 1216 muliebri,
1317 1137 1457 1223 qualem

249 1250 347 1323 ¹huius
366 1248 559 1333 paragraphi
577 1248 671 1312 initio
690 1248 839 1333 exposui,
859 1247 938 1311 mihi
956 1246 1078 1311 elucere
1095 1246 1219 1311 ridetur
1231 1266 1284 1310 eos
1296 1248 1458 1309 naturam

251 1356 423 1424 mulierum
443 1354 575 1419 minime
594 1354 757 1439 cognitam
776 1357 810 1417 et
828 1356 1024 1439 perspectam
1046 1352 1209 1435 habuisse,
1230 1372 1309 1436 quas
1326 1349 1460 1415 scilicet

253 1463 332 1529 siris
356 1462 457 1526 multo
480 1460 646 1525 inferiores
669 1483 735 1526 esse
759 1461 913 1525 ducerent
932 1481 990 1524 nec
1011 1459 1156 1523 riderent
1174 1480 1227 1522 aas
1246 1457 1392 1521 diversas
1414 1455 1458 1520 ab

255 1569 319 1634 illis
333 1569 403 1633 aliis
415 1567 509 1632 rebus
521 1568 683 1633 excellere.
694 1566 867 1631 Manifesta
878 1565 1074 1650 ignorabant
1084 1569 1275 1650 quantarum
1289 1563 1457 1629 virtutum

257 1674 393 1740 facultas
415 1674 454 1738 iis
478 1674 553 1739 data
570 1674 637 1757 ›sit;
662 1695 759 1759 quare
781 1673 816 1736 in
841 1672 970 1737 dearum
994 1693 1125 1736 numero
1149 1671 1270 1735 nullam
1294 1668 1459 1734 feminam

256 1782 401 1846 invenias
420 1780 593 1845 virtutibus
613 1802 684 1846 vere
696 1779 903 1844 muliebribus
913 1781 1076 1854 ornatam;
1091 1798 1189 1862 quare
1201 1776 1297 1840 etiam
1310 1773 1458 1839 Pericles

258 1888 293 1953 in
318 1886 446 1973 publico
470 1887 559 1951 luctu
586 1886 720 1951 feminas
743 1887 864 1950 invitus
890 1907 990 1971 paene
1014 1905 1265 1949 commemorans
1288 1882 1325 1960 (sl
1352 1880 1387 1945 δέ
1413 1904 1456 1957 με

258 1996 305 2060 δεῖ
335 1994 386 2057 aci
421 1994 600 2070 γυναικείας
633 2016 662 2056 τι
693 1994 804 2071 ἀρετῆς
819 2040 921 2057 .....
944 1992 1125 2075 μνησθῆναι)
1148 1989 1183 2054 in
1206 1988 1270 2053 fine
1294 1986 1457 2053 orationis

260 2100 372 2187 (Thac.
404 2098 448 2164 II.
482 2099 539 2184 45)
571 2098 652 2163 nihil
684 2098 838 2183 grandius
861 2097 900 2162 iis
923 2098 1002 2161 dicit
1024 2119 1119 2181 quam
1142 2095 1220 2160 hoc:
1245 2101 1299 2168 τῆς
1324 2118 1363 2158 τε
1388 2093 1455 2171 γὰρ

259 2206 456 2285 ὑπαρχούσης
489 2206 612 2283 φύσεως
636 2206 681 2282 μὴ
704 2205 819 2285 χείροσι
839 2193 980 2282 γενέσθαι
1003 2203 1073 2279 ὑμῖν
1092 2200 1221 2279 μεγάλη
1244 2204 1260 2276 ἦ
1280 2198 1377 2284 δόξαι,
1400 2198 1454 2264 καὶ

258 2312 291 2392 ἧς
316 2313 354 2378 ἂν
378 2312 427 2377 ἐπ’
452 2312 619 2391 ἐλάχιστον
643 2313 752 2390 ἀρετῆς
776 2312 842 2389 πέρι
867 2311 883 2385 ἢ
908 2308 1009 2388 ψόγου
1034 2310 1064 2386 ε’,ν
1088 2318 1150 2380 τοῖς
1175 2307 1280 2386 ἄρσεσι
1305 2308 1397 2376 κλέος
1424 2301 1452 2385 ᾖ.

303 2419 424 2483 Tamen
457 2440 574 2504 paucos
606 2418 797 2483 Graecorum
829 2417 967 2501 excipio:
996 2416 1171 2480 Homerum
1195 2436 1237 2479 sc.
1262 2416 1296 2477 et
1317 2411 1453 2497 Euripi·

258 2528 347 2602 dem3
370 2527 495 2609 praeter
519 2546 599 2609 quos
623 2545 716 2588 nemo
739 2519 907 2608 poetarum
931 2524 1060 2587 virtutis
1083 2522 1247 2586 muliebris
1272 2520 1452 2604 imaginem

259 2654 364 2697 veram
386 2653 562 2716 puramque
581 2652 758 2716 proponere
777 2631 893 2715 potuit.
917 2628 992 2694 Noli
1003 2630 1088 2694 enim
1102 2650 1152 2692 me
1164 2632 1335 2692 admonere
1349 2624 1452 2709 virgi-

258 2761 336 2804 num
361 2738 623 2823 Sophoclearum:
650 2758 715 2801 non
740 2738 842 2802 solum
865 2736 994 2801 Electra
1016 2740 1071 2801 sed
1091 2736 1186 2800 etiam
1203 2733 1371 2818 Antigone
1391 2732 1454 2794 hoc

253 2846 328 2931 ipso
347 2847 476 2931 aposta
498 2845 622 2908 laudari
646 2845 771 2909 videtur
793 2844 880 2929 qnod
903 2844 1010 2929 potius
1036 2843 1176 2906 animum
1201 2841 1324 2905 virilem
1341 2842 1453 2904 osten-

258 2954 306 3017 dit
335 2973 429 3037 quam
460 2950 651 3034 femineum,
686 2952 802 3015 fortem
835 2950 1031 3034 eundemque
1062 2953 1206 3013 tenerum
1221 2945 1257 3033 ¹).
1290 2946 1451 3011 Homerus

260 3081 334 3124 vero
363 3058 519 3143 imagines
550 3059 699 3123 sublimes
731 3061 763 3123 et
786 3080 859 3122 vere
883 3057 1051 3121 muliebres
1074 3056 1167 3120 nobis
1190 3054 1359 3139 proposuit
1383 3050 1455 3115 An*

261 3164 469 3243 dromachae,
491 3166 599 3229 uxoris
622 3160 879 3243 amantissimae,
895 3163 1073 3247 Penelopae
1093 3161 1311 3240 fidelissimae,
1331 3156 1450 3226 Nausi-

262 3292 351 3348 caac,
393 3272 527 3355 virginis
562 3267 713 3347 sollertis,
750 3274 896 3354 tenerae,
932 3268 1087 3334 amabilis.
1123 3267 1331 3353 Temporibus
1368 3263 1449 3328 enim

262 3377 490 3468 antiquissimis
513 3378 660 3443 mulieres
683 3380 829 3442 nondum
852 3376 1052 3461 cogebantur
1075 3374 1186 3460 procul
1210 3397 1229 3438 a
1250 3374 1326 3437 viris
1349 3374 1451 3435 totam

253 3474 360 3551 ⁴'ritem
394 3486 429 3548 in
461 3470 621 3569 gynaeceo
650 3506 743 3569 agere
764 3484 854 3548 velut
877 3482 1029 3559 ancillae,
1054 3481 1109 3545 sed
1132 3480 1268 3558 liberae,
1293 3479 1450 3545 virorum-

166 3666 168 3671 ·
263 3615 324 3677 que
357 3614 428 3655 vere
459 3592 611 3682 conjuges
643 3595 676 3656 ct
706 3592 790 3655 filiae
814 3590 849 3654 in
873 3590 954 3654 atrio
975 3589 1068 3673 juxta
1091 3609 1144 3653 cos
1167 3590 1311 3652 sedentes
1334 3582 1452 3649 mentis

266 3722 324 3784 uae
362 3697 530 3762 facultates
567 3697 707 3762 excolere
740 3698 891 3783 poterant
924 3695 977 3781 (cf,
1001 3695 1040 3759 Il.
1064 3694 1112 3759 IX
1137 3695 1201 3759 340
1225 3715 1294 3779 sqq.
1319 3692 1379 3759 Od.
1409 3685 1451 3752 Vl

266 3805 356 3892 182).
387 3804 548 3888 Imagines
574 3803 762 3868 Homericae
784 3803 885 3888 igitur
906 3803 947 3865 ad
972 3806 1120 3865 naturam
1144 3800 1375 3885 veritatemque
1398 3815 1451 3859 ex·

263 3932 389 3997 pressae
412 3913 497 3975 sunt.
1377 3916 1380 3919 ’

272 4060 450 4074 -ι-ι-ι

298 4153 322 4213 1)
345 4152 424 4201 Etiam
447 4150 555 4199 Socrates
580 4145 770 4211 Xenophontem
793 4144 870 4194 multo
892 4144 981 4192 rectius
1005 4159 1076 4207 quam
1100 4142 1209 4207 aequales
1225 4137 1325 4191 feminas
1338 4140 1451 4204 judicasse

265 4234 371 4293 vidctnr;
396 4233 450 4282 vids
471 4231 616 4296 symposium
635 4230 662 4277 Π
681 4229 710 4285 9,
728 4225 768 4276 nbi
786 4226 885 4293 exponit
898 4229 1009 4275 naturam
1026 4213 1154 4274 mulierum
1170 4229 1257 4274 natura
1271 4225 1378 4273 virorum
1392 4214 1450 4269 nihil

265 4318 404 4368 inferiorem
427 4331 490 4375 esse,
515 4318 539 4363 ct
557 4311 741 4362 Oeconomicum
758 4326 777 4359 c.
796 4310 864 4367 VII,
882 4324 929 4373 quo
946 4308 1056 4357 assentiri
1073 4308 1169 4355 ridetur
1186 4307 1341 4356 Ischomache
1357 4306 1450 4352 denon-

264 4401 351 4453 stranti
374 4400 453 4448 virum
473 4400 497 4447 ct
514 4396 640 4446 mulierem
657 4392 756 4443 diversis
772 4391 902 4441 virtutibus
920 4407 944 4439 sc
961 4390 1062 4439 invicem
1080 4390 1181 4455 explere.
1192 4376 1244 4438 ¹Sed
1260 4390 1359 4439 fortasse
1374 4387 1399 4435 in
1414 4380 1450 4429 hi!

267 4484 337 4535 rebus
353 4482 452 4547 aliquid.
463 4480 508 4547 ipsi
527 4477 681 4544 Xenophonti
699 4475 862 4531 ascribendum
879 4478 927 4533 est,
941 4473 1008 4523 cuius
1021 4472 1046 4522 in
1061 4472 1208 4538 Cyrcpaedia
1221 4473 1262 4536 (V.
1280 4472 1306 4533 l)
1320 4467 1449 4540 conferatur

259 4558 417 4635 'pulcerrima
434 4564 511 4629 imago
529 4561 650 4611 Pentheus
667 4559 763 4623 eiusque
779 4557 884 4621 conjugii
899 4572 954 4606 cum
970 4554 1091 4604 Abradats
1108 4555 1164 4619 (VI.
1183 4555 1220 4621 4).
