3250 5217
853 412 874 475 6

266 598 434 660 educatum
458 595 552 659 fuisse
576 615 685 658 omnes
706 598 875 659 testantur.
897 594 946 658 De
971 596 1100 660 Prodici
1119 599 1151 659 et
1162 594 1462 678 Protagoraeinsti-

266 701 392 765 tutione
427 701 533 765 minus
567 702 711 785 consmt3
747 705 782 764 at
812 701 867 765 rix
895 700 972 765 licet
999 701 1145 765 dubitare
1178 702 1304 784 poetam
1328 721 1399 764 cum
1424 700 1464 763 iis

266 806 417 871 familiari
445 806 674 871 consuetudine
706 806 911 889 conjunctum
943 806 1059 891 fuisse3
1091 806 1190 870 veluti
1221 828 1291 870 cum
1316 803 1463 882 Socrate,

266 935 329 997 quo
354 915 501 997 spectant
513 912 618 976 vanae
631 912 822 977 comicorum
836 912 985 987 fabellae,
1001 912 1117 997 quibus
1128 911 1338 996 philosophus
1351 914 1463 995 poetae

266 1020 301 1083 in
324 1018 496 1102 tragoediis
519 1017 693 1081 scribendis
716 1039 810 1102 opem
830 1018 940 1082 tulisse
960 1018 1154 1102 perhibetur.
1169 1017 1326 1082 Narratur
1338 1037 1463 1102 quoque

266 1123 461 1208 aliquamdiu
492 1122 645 1187 Salamini
669 1123 703 1185 in
728 1123 879 1206 spelunea
901 1123 1031 1188 horrida
1055 1127 1196 1187 moratus
1220 1145 1296 1187 esse.
1322 1122 1462 1205 Rempu·

266 1230 381 1294 blicam
413 1250 588 1313 numquam
620 1227 806 1312 capessivit3
829 1228 951 1293 alienus
977 1252 996 1292 a
1019 1229 1136 1293 civium
1160 1232 1253 1293 coetu
1273 1229 1372 1293 vitam
1397 1227 1465 1311 egit

266 1337 417 1413 otiosam,
442 1335 554 1399 studiis
577 1335 734 1411 deditam,
759 1356 822 1419 quc
845 1334 979 1399 consilio
999 1335 1097 1399 libros
1121 1335 1229 1400 sedulo
1256 1333 1462 1418 comparavit.

313 1442 388 1506 Fuit
410 1442 495 1505 tristi
519 1440 628 1517 vultu,
651 1439 792 1504 moribus
805 1440 930 1507 severis.
944 1440 1141 1506 Histricnem
1154 1445 1186 1505 et
1197 1441 1333 1504 amioum
1346 1438 1464 1503 famili·

268 1570 352 1613 arem
377 1547 491 1611 habuit
514 1544 817 1631 Cephisophontem.
843 1544 983 1611 Crimine
1007 1546 1156 1610 adulterii
1180 1567 1253 1610 eum
1277 1546 1464 1630 hoejuvene

268 1654 428 1720 commissi
457 1674 585 1717 uxorem
611 1651 791 1717 Choerilum
816 1652 998 1736 repudiasse
1023 1654 1055 1716 et
1077 1652 1151 1717 inde
1174 1652 1215 1716 ab
1239 1652 1299 1716 hcc
1323 1654 1465 1734 tempore

268 1764 372 1825 totum
407 1758 559 1823 muliebre
590 1779 690 1843 genus
713 1758 892 1842 increpasse
915 1741 1026 1824 fertur.
1064 1756 1159 1823 Certo
1184 1780 1250 1822 non
1274 1759 1400 1821 constat
1423 1777 1465 1818 an

196 1892 201 1905 ·
268 1867 400 1931 alteram
425 1885 550 1949 quoque
573 1886 703 1928 uxorem
726 1864 861 1929 duxerit.

315 1971 453 2036 Fabulas
473 1971 584 2035 docere
604 1970 709 2054 coepit
730 1968 779 2034 Ol.
802 1971 879 2034 81.2
900 1970 1040 2054 quinque
1060 1974 1092 2034 et
1107 1970 1225 2051 viginti
1236 1990 1339 2033 annos
1351 1974 1464 2043 natus;

269 2099 371 2161 neque
394 2078 460 2141 eius
483 2075 665 2159 tragoediae
689 2076 751 2139 nisi
773 2076 941 2159 quinquies
965 2077 1083 2161 primas
1102 2076 1261 2159 tulerunt3
1274 2078 1385 2157 quater
1402 2072 1466 2138 vivi

269 2187 381 2268 poetae
404 2182 500 2246 semel
525 2181 660 2257 mortui,
686 2204 704 2244 a
728 2181 794 2246 filio
818 2203 931 2246 scenae
953 2180 1149 2246 commissae.

316 2289 433 2353 Aetate
470 2290 639 2371 provectus
670 2291 785 2372 rogatu
816 2289 900 2371 regis
932 2286 1080 2352 Archelai
1112 2288 1152 2351 ad
1188 2287 1407 2351 Macedoniam
1432 2306 1465 2350 se

270 2394 426 2471 eontulit,
448 2397 480 2457 et
495 2393 530 2455 in
542 2393 656 2457 itinere
668 2393 852 2477 Magnesiae
864 2399 1008 2477 receptus
1020 2393 1213 2476 summisque
1225 2391 1401 2456 honoribus
1413 2413 1465 2455 cr-

270 2504 365 2564 natus
388 2503 446 2564 est.
471 2499 592 2582 Magna
616 2500 721 2584 gratia
741 2503 826 2583 apud
847 2520 955 2582 regem
967 2498 1077 2562 floruit
1088 2501 1121 2562 et
1132 2498 1297 2562 etiamtum
1310 2501 1464 2583 quaedam

270 2605 396 2689 scripsit
420 2607 573 2669 dramata.
808 2608 817 2619 '

205 2734 255 2782 406
319 2710 366 2774 De
389 2710 456 2775 eius
480 2714 582 2775 morte
602 2709 666 2794 (Ol.
691 2712 782 2795 93‚2)
800 2710 1018 2794 ineptissimae
1038 2713 1208 2775 traduntur
1227 2710 1363 2776 fabulae.
1388 2711 1465 2775 Plu-

272 2818 345 2882 rimi
375 2821 519 2882 auetcres
538 2839 609 2881 eum
635 2817 766 2881 canibus
791 2817 1003 2900 discerptum,
1024 2817 1120 2881 ceteri
1139 2840 1158 2881 a
1179 2818 1364 2882 mulieribus
1382 2818 1465 2882 laec-

272 2929 377 2989 ratum
402 2923 520 2987 ferunt.
546 2922 782 3005 Reputantibus
805 2924 912 2985 autern
933 2944 1044 2987 omnes
1063 2922 1129 2987 fere
1150 2922 1342 2988 Graecorum
1363 2923 1466 2987 homi-

273 3052 329 3094 nes
352 3030 508 3105 illustres,
532 3028 717 3113 praesertim
742 3032 870 3111 poetas,
896 3028 1040 3093 mirificis
1063 3029 1220 3093 mortibus
1240 3030 1369 3114 periisse
1386 3029 1466 3105 dici,

274 3136 350 3201 haee
374 3156 499 3219 quoque
520 3134 637 3198 fabella
658 3133 754 3198 alicui
773 3135 924 3219 nugatori
936 3135 1050 3199 deberi
1071 3135 1238 3199 videbitur.
1261 3134 1361 3210 Quam
1374 3138 1466 3199 eredo

272 3243 403 3328 perinde
438 3263 475 3306 ac
506 3241 723 3305 accusationes
755 3241 907 3325 quasdam
939 3240 1155 3325 impudicitiae
1187 3242 1219 3325 (a
1251 3240 1468 3305 recentissimo

273 3349 427 3432 scriptore
449 3347 570 3430 illatas)
595 3346 672 3409 satis
697 3347 847 3430 redargui
871 3347 1061 3411 comicorum
1086 3347 1230 3429 silentio,
1255 3347 1311 3429 qui
1334 3346 1411 3410 talia
1433 3346 1467 3409 in

275 3476 364 3523 suam
384 3474 450 3516 reru
471 3454 654 3516 convertere
675 3450 819 3535 profecto
843 3473 908 3515 non
929 3452 1182 3535 praetermissuri
1194 3451 1338 3517 fuissent.
1352 3453 1382 3517 A
1395 3473 1469 3537 rege

274 3557 442 3641 magnifiee
474 3555 617 3640 sepultus
648 3559 712 3633 est;
748 3557 788 3621 ab
817 3547 1073 3621 'Atheniensibus
1103 3552 1292 3642 cenotaphio
1315 3558 1468 3643 inscripto

275 3663 503 3747 epigrammate
522 3662 707 3726 honoratus.
729 3662 881 3727 Proditur
901 3663 996 3726 etiam
1018 3661 1189 3746 Sophocles
1210 3664 1243 3727 in
1258 3663 1382 3728 theatro
1397 3686 1468 3729 cum

274 3767 370 3833 choro
394 3767 491 3851 pullis
515 3768 655 3833 vestibus
680 3768 747 3832 eius
770 3771 905 3833 mortem
929 3767 1057 3832 luxisse.
