3250 5217
756 408 821 475 123

186 591 272 656 illam
297 589 490 655 sententiam
512 592 595 655 unda
612 590 677 655 orsi
696 613 822 655 sumus:
844 592 950 656 nullos
969 612 1042 656 rere
1061 612 1127 655 asse
1147 593 1222 654 deos
1241 590 1303 655 nisi
1323 589 1379 675 qui

187 698 374 762 infirmitate
391 689 539 780 vitiisque
558 696 706 763 humanis
727 701 866 764 careant.
884 696 1000 762 Procul
1012 696 1109 761 dubio
1122 696 1211 760 notio
1224 696 1319 760 unius
1331 696 1382 760 dei

187 804 214 869 ei
236 824 362 888 quoquo
385 802 553 868 obversata
577 808 643 880 est,
665 804 817 888 quoniam
839 804 893 868 ubi
916 824 998 869 nova
1018 806 1123 867 tentat
1141 803 1328 887 plerumque
1341 806 1380 867 de

187 910 265 975 Jove
285 909 421 974 solove]
441 910 480 973 de
499 912 548 988 τῷ
572 912 641 989 όεῶ
665 909 817 995 loquitur.
844 909 904 975 Sed
924 912 1127 974 emendatam
1145 909 1234 973 illam
1251 909 1381 973 deorum

187 1020 334 1080 naturam
366 1036 432 1080 non
459 1018 554 1080 modo
579 1037 644 1079 non
668 1017 760 1081 claris
783 1016 987 1081 lineamentis
1010 1016 1045 1079 in
1070 1015 1177 1079 animo
1200 1036 1381 1099 expressam

186 1122 340 1198 habebat,
366 1122 538 1186 sedetiam
563 1144 629 1187 non
657 1124 758 1207 magis
781 1146 878 1207 quam
902 1123 1033 1187 deorum
1053 1121 1254 1207 popularium
1273 1121 1380 1204 pravi·

186 1232 282 1293 tatem
315 1249 387 1291 cum
417 1227 550 1293 libidine
580 1228 751 1312 iniquitate
783 1229 971 1293 crudelitate
1002 1228 1097 1293 sortis
1120 1228 1279 1291 humanae
1303 1247 1380 1291 con·

183 1334 319 1419 jungere
349 1339 381 1398 at
412 1334 559 1418 copulare
582 1338 725 1419 poterat;
750 1336 796 1399 ita
821 1340 858 1399 ut
881 1335 910 1399 ei
933 1335 992 1399 hoc
1016 1358 1116 1399 unum
1139 1334 1204 1398 fere
1227 1337 1380 1419 perpetuo

186 1461 368 1523 persuasum
403 1440 499 1505 fuisse
532 1440 676 1505 videatur
707 1442 965 1507 obscurissimum
996 1464 1063 1506 esso
1095 1462 1213 1505 numen
1236 1440 1380 1504 divinum

186 1567 285 1631 neque
309 1546 375 1611 eius
399 1550 546 1611 naturam
572 1547 713 1611 humana
737 1552 842 1612 mente
865 1548 1015 1632 cognosci
1039 1568 1141 1631 posse.

229 1652 431 1737 Numquam,
465 1676 515 1717 mc
542 1654 665 1737 judice,
699 1676 853 1739 personae
883 1655 1025 1720 scenicae
1054 1654 1182 1737 planius
1208 1675 1247 1717 ex
1273 1654 1380 1719 animo

186 1764 295 1843 poetae
318 1759 494 1844 loquuntur
518 1782 613 1844 quam
639 1761 694 1824 ubi
717 1783 787 1825 eam
812 1760 1038 1825 obscuritatem
1062 1765 1260 1844 queruntur,
1284 1761 1381 1825 intel-

186 1865 336 1951 ligentiae
360 1866 518 1930 humanae
541 1866 683 1950 inopiam
708 1867 908 1951 profitentur.
936 1865 1033 1931 Cuius
1052 1867 1098 1930 rei
1117 1866 1262 1950 exempla
1280 1888 1378 1951 quae-

188 1972 258 2036 dam
281 1972 422 2055 insignia
445 1993 615 2056 apponam.
640 1972 736 2057 Hipp.
768 1975 853 2036 1104
876 1992 961 2057 sqq.:

283 2074 300 2149 t
323 2081 411 2157 μέγα
436 2102 487 2154 μοι
511 2080 554 2143 τὰ
578 2082 648 2145 όεῶν
671 2079 864 2157 μελεδήμαό
888 2078 963 2145 όταν
986 2078 1101 2160 Φρέναι
1128 2076 1217 2163 tatu,

280 2183 386 2257 λότας
412 2194 571 2265 ταραιρεῖ·
596 2184 713 2262 ξύνεσιν
739 2184 771 2251 δέ
795 2189 852 2252 τιν’
878 2186 979 2251 ἕλτόδι
1004 2186 1113 2251 κεόόων

283 2285 486 2368 λείτομαι
507 2291 544 2356 ἔν
570 2316 612 2357 τε
636 2294 790 2375 τύχαις
816 2294 967 2359 όνατῶν
988 2293 1054 2357 καὶ
1076 2294 1113 2357 ἐν
1135 2291 1318 2371 ἔργμασι

1080 2401 1274 2465 λεύσσων.

224 2504 319 2571 Herc.
331 2505 353 2573 f.
368 2507 429 2571 62:
464 2508 501 2577 ῶς
527 2505 608 2571 οὐδὲν
633 2506 814 2587 ἀνθρώποισι
839 2509 899 2572 τῶν
923 2506 1006 2571 aaa
1031 2505 1145 2588 σαφές.

226 2613 265 2677 In
289 2612 467 2677 Troadibus
490 2613 581 2692 (886)
605 2613 650 2678 sic
672 2613 802 2698 Jupiter
829 2613 1058 2698 compellatur:

363 2714 445 2789 όστις
470 2718 541 2783 τοτ’
567 2714 598 2783 εἶ
618 2718 674 2797 σὺ,
699 2720 982 2787 δυστόπαστος
1008 2716 1177 2784 εἰδέναι.

185 2825 374 2912 [pff-'Denique
397 2824 469 2911 vide
492 2824 553 2890 hoc
577 2823 663 2909 (Hel.
695 2825 815 2911 llam:

481 2928 499 2996 ό
518 2954 548 2995 τι
573 2931 635 3002 aaa
662 2932 679 3005 ἢ
704 2933 748 3008 μὴ
774 2931 837 3001 θεὸς
861 2934 878 3008 ἢ
904 2933 938 2996 τό
962 2930 1054 3008 μέσον

477 3040 539 3109 τός
562 3042 653 3119 φνσ’
679 3038 898 3117 spernacus
923 3038 1078 3118 βροτῶν

478 3143 738 3222 μακρότατον
763 3142 889 3225 τέρας
913 3144 1061 3224 εὑρεῖν,

478 3242 509 3320 ὃς
532 3249 576 3315 τὰ
600 3252 669 3315 θεῶν
694 3251 782 3335 ἐσορᾷ

478 3358 560 3438 δεῦρο
585 3357 637 3421 καὶ
664 3354 748 3429 αὖθις
772 3358 871 3423 ἐκεῖσε

477 3461 529 3527 aci
555 3461 651 3528 τόλιν
675 3462 850 3541 ἀντιλόγοις

477 3569 607 3646 πηδῶντ’
631 3570 828 3645 ιὶνελτόστοις
852 3573 988 3651 raxam
