3250 5217
823 445 865 509 80

250 652 317 695 non
340 650 431 694 caeca
451 629 485 694 vi
507 632 562 695 sed
584 628 685 694 libera
707 630 816 693 mente
838 631 871 692 et
893 628 1059 693 voluntate
1072 628 1241 693 eamoreri
1251 629 1404 713 putantes
1418 628 1442 713 ¹)

249 735 438 802 revereri
460 757 586 821 quoque
605 739 796 820 coeperunt3
810 742 844 799 et
854 733 1006 821 quoniam
1017 757 1067 800 res
1079 736 1235 800 secundae
1248 737 1281 800 et
1292 736 1441 800 adversae

249 842 284 907 in
309 864 417 907 eorum
437 845 598 927 potestate
622 845 716 906 erant
738 842 830 906 donis
854 842 1011 927 placanda
1034 844 1237 907 censuerunt.

296 948 470 1033 Postquam
501 948 539 1013 iis
569 953 674 1013 autem
707 952 843 1013 mentes·
861 948 963 1013 inesse
995 949 1079 1013 visae
1106 953 1180 1013 sunt
1210 948 1360 1013 materiae
1384 951 1441 1013 do·

251 1055 434 1121 minatrices
476 1055 634 1141 variisque
676 1056 860 1135 effectibus,
904 1054 992 1120 velut
1026 1054 1145 1132 dolori,
1182 1055 1340 1133 laetitiae,
1375 1055 1441 1120 irae

251 1162 424 1253 obnoxiae,
445 1160 586 1226 humano
607 1162 707 1246 igitur
725 1163 833 1228 animo
852 1162 984 1226 omnino
1005 1160 1142 1238 similes,
1163 1161 1266 1245 magis
1278 1161 1442 1247 magisque

251 1268 311 1333 hae
335 1291 354 1332 a
376 1268 542 1353 provincia
566 1290 623 1333 sua
646 1268 771 1333 avocari
789 1267 1033 1353 hominibusque
1052 1268 1181 1353 aequari
1198 1251 1328 1352 coeptae
1348 1270 1441 1345 sunt,

250 1376 298 1441 ita
328 1377 365 1439 ut
387 1377 518 1439 tandem
540 1374 637 1439 etiam
659 1374 796 1459 figuram
820 1395 996 1459 corpusque
1019 1374 1196 1439 humanum
1217 1374 1388 1438 induerent
1410 1375 1443 1438 et

252 1503 327 1547 mox
348 1480 430 1546 nihil
453 1479 587 1545 humani
607 1503 626 1544 a
649 1502 682 1545 se
705 1481 846 1545 alienum
858 1483 1020 1565 putarent.
1032 1479 1156 1546 Uxores
1168 1480 1254 1545 enim
1265 1480 1441 1558 ducebant,

251 1588 368 1654 liberos
399 1586 628 1671 procreabant,
658 1586 820 1651 amoribus
849 1586 1111 1671 pelliciebantur,
1145 1587 1231 1652 rixas
1262 1590 1295 1652 et
1314 1586 1443 1652 diesim

252 1695 432 1777 habebant,
454 1694 663 1758 versabantur
681 1694 716 1757 in
735 1696 830 1759 caede
848 1692 961 1757 frauda
979 1694 1102 1777 rapina.
1133 1692 1256 1759 Exinde
1278 1693 1442 1777 ingenium

253 1800 409 1868 Graecum
433 1801 474 1866 ad
496 1800 684 1885 fingendum
708 1800 849 1885 proclive
872 1806 903 1866 et
926 1805 1037 1885 aptum
1060 1800 1174 1866 horum
1194 1802 1324 1866 deorum
1343 1800 1442 1865 vitam

253 1909 382 1975 ornavit
403 1907 630 1973 innumerabili
654 1907 837 1972 fabularum
861 1908 1016 1974 varietate
1038 1930 1104 1974 non
1128 1907 1265 1993 amplius
1288 1908 1442 1993 conjunc·

253 2019 357 2081 tarum
380 2036 453 2079 cum
475 2014 578 2099 prima
599 2018 731 2091 natura,
754 2036 773 2078 a
791 2035 856 2099 qua
874 2019 1042 2100 tantopere
1062 2014 1252 2080 recedebant
1271 2017 1309 2078 ut
1325 2014 1367 2093 ii,
1388 2013 1444 2099 qui

253 2122 396 2187 omnium
432 2120 499 2185 fere
534 2120 737 2187 celeberrimo
761 2121 850 2186 cultu
873 2121 1041 2200 florerent,
1065 2122 1196 2188 Athena
1219 2125 1252 2186 et
1273 2120 1391 2206 Apollo
1411 2123 1444 2185 et

253 2228 403 2306 Hermes,
429 2230 514 2292 unde
537 2228 694 2311 originem
719 2230 871 2292 ducerent
893 2228 1028 2314 vixdum
1046 2231 1207 2314 appareat

299 2336 351 2400 Ita
374 2335 474 2419 igitur
500 2338 576 2399 nata
600 2337 649 2399 est
670 2334 819 2398 universa
845 2334 1043 2419 mythologie
1066 2336 1227 2419 crevitque
1249 2336 1285 2400 in
1309 2336 1442 2401 anthro-

254 2440 526 2527 pomorphismum
559 2439 650 2503 illum
685 2440 741 2524 qui
771 2444 921 2518 vocatur,
954 2462 1049 2525 quem
1081 2441 1157 2505 inde
1187 2442 1228 2505 ab
1259 2442 1443 2528 antiquissi-

255 2546 315 2612 mis
345 2546 511 2611 literarum
543 2544 735 2611 Graecarum
768 2547 986 2611 monumentis
1008 2545 1183 2631 perfectum
1207 2552 1240 2613 et
1262 2548 1444 2614 absolutum

254 2654 406 2721 videmus.

299 2759 444 2845 Apparet
463 2782 502 2824 ex
521 2759 571 2824 his
590 2762 624 2824 et
643 2781 682 2825 ex
702 2781 738 2825 eo
751 2760 836 2845 quod
847 2760 979 2824 affectus
990 2781 1116 2846 quoque
1128 2764 1161 2826 et
1170 2761 1444 2846 perturbationes,

255 2867 371 2953 quibus
390 2886 492 2951 genus
509 2866 686 2931 humanum
699 2873 813 2931 natura
826 2866 1004 2951 expositum
1017 2871 1075 2945 est,
1087 2868 1122 2932 in
1134 2869 1264 2933 deorum
1276 2890 1443 2935 numerum

254 2972 499 3058 recipiebantur,
520 2972 653 3038 notione
674 2972 851 3037 divinitatis
864 2973 945 3037 nihil
957 2974 1117 3039 contineri
1128 2974 1190 3039 nisi
1209 2976 1445 3059 potentiam

255 3079 497 3145 hominibus
519 3079 798 3163 superiorem,
820 3079 979 3165 justitiam
998 3081 1445 3147 veroetsanctitatemhaud·

254 3206 413 3271 quaquam
436 3207 508 3250 cum
532 3207 569 3249 ea
593 3186 781 3270 conjunctas
804 3185 910 3250 fuisse.
941 3186 1055 3271 ltaque
1079 3187 1139 3271 dii,
1168 3187 1286 3272 quippe
1304 3188 1445 3272 corporis

255 3292 434 3377 mentisque
475 3292 596 3357 viribus
638 3292 783 3357 homines
824 3296 1028 3378 superantes,
1064 3294 1160 3358 etiam
1195 3294 1445 3361 vehementiores

255 3397 418 3463 habebant
451 3398 650 3483 voluptateS,
685 3399 800 3483 quibus
835 3420 902 3463 non
927 3399 1032 3464 minus
1055 3420 1151 3485 quam
1173 3400 1221 3463 illi
1243 3401 1446 3484 indulgentes

256 3506 375 3570 maiora
405 3526 531 3591 quoque
554 3504 783 3589 perpetrabant
804 3504 931 3573 scelera.
968 3504 1053 3570 Nam
1074 3509 1116 3570 ad
1135 3507 1168 3571 id
1188 3509 1274 3592 quod
1292 3508 1447 3591 petebant

257 3612 514 3696 consequendum
537 3610 657 3675 viribus
681 3632 804 3695 semper
828 3610 989 3679 valebant.

302 3716 391 3781 Haec
410 3738 537 3801 quoque
554 3720 603 3780 est
621 3738 716 3781 causa
736 3738 793 3780 cur
811 3716 974 3796 homines,
995 3718 1070 3784 licet
1088 3722 1162 3784 deos
1178 3719 1251 3785 illos
1262 3742 1329 3785 non
1341 3721 1445 3787 solum

256 3822 519 3907 flagitiosissimos
549 3845 615 3888 esse
646 3823 802 3888 sentirent
833 3823 887 3887 sed
919 3823 1015 3889 etiam
1046 3826 1107 3911 ipsi
1129 3827 1331 3910 gravissimas
1352 3851 1446 3915 saepe

255 3929 390 4015 injurias
409 3929 449 3993 ab
469 3930 508 3993 iis
527 3930 723 4014 acciperent,
743 3951 795 3995 eos
815 3951 882 3994 non
902 3930 1053 3996 detestati
1072 3931 1154 4009 sint,
1175 3933 1253 4018 quin
1266 3933 1362 3999 etiam
1374 3958 1446 4001 raro

256 4036 295 4101 iis
317 4036 538 4100 irascerentur.
565 4033 617 4099 Ab
641 4035 827 4100 hominibus
849 4034 1082 4120 antiquioribus
1105 4038 1190 4101 euim
1207 4038 1246 4104 iis
1263 4039 1319 4123 qui
1340 4041 1448 4105 omnia

256 4144 388 4227 impune
418 4141 521 4207 facere
551 4144 677 4227 poterat
700 4142 808 4207 omnia
830 4142 961 4207 concedi
983 4142 1145 4227 solebant3
1167 4144 1246 4229 ipsis
1271 4147 1447 4231 praeceptis

293 4426 320 4488 l)
337 4426 476 4475 Notandum
493 4430 530 4476 est
551 4428 633 4477 eodem
650 4429 721 4477 modo
741 4427 766 4478 iu
782 4428 858 4494 ipsius
874 4428 1038 4502 philosophiae
1051 4429 1128 4479 initiis
1141 4431 1247 4496 primum
1262 4432 1323 4492 rim,
1338 4449 1386 4498 qua
1400 4450 1449 4485 ma·

255 4508 316 4559 toria
332 4511 479 4567 moreretur,
498 4506 527 4556 ab
544 4524 572 4558 sa
589 4524 636 4558 nou
654 4513 786 4575 separatam
802 4510 887 4568 frium,
908 4511 949 4559 aad
965 4515 1047 4575 postes
1056 4513 1128 4577 (apud
1137 4515 1312 4581 Ansxagorsm)
1321 4515 1443 4568 transiisse

256 4589 281 4641 in
300 4591 409 4639 Mentem
427 4593 573 4655 separatam,
593 4590 704 4652 liberam,
725 4592 855 4652 conadam,
873 4609 1000 4659 rerumque
1017 4597 1148 4660 potentem.
