3250 5217
395 788 438 857 B·
462 790 637 857 RELIGIO
662 790 906 858 POPULARIS
928 790 1048 858 APUD
1070 790 1325 859 EURIPIDEM.

786 1033 959 1045 -o--v

715 1197 903 1284 CAPUT
925 1200 1001 1283 IV.

572 1430 811 1483 FUNDAMEN'I'A
835 1430 915 1482 EIUS
940 1429 1149 1482 ormonun.

312 1603 404 1669 Binis
435 1602 534 1687 igitur
562 1600 621 1666 riis
651 1600 811 1685 progressi
840 1604 917 1665 sunt
940 1598 1052 1665 Graeci
1075 1599 1113 1663 de
1136 1598 1230 1663 rebus
1252 1597 1369 1664 divinis
1390 1619 1459 1661 me·

269 1710 419 1775 ditantm.
438 1706 492 1773 Ab
512 1707 612 1772 altera
629 1712 719 1793 parte
737 1708 826 1771 intra
845 1707 944 1792 ipsius
955 1705 1120 1791 religionis
1131 1706 1210 1770 fines
1223 1704 1297 1769 diia
1316 1703 1458 1789 poetis

267 1816 370 1900 magis
393 1813 558 1898 magisque
580 1813 620 1877 ad
644 1811 776 1897 perfecti
798 1812 940 1877 numinis
963 1810 1135 1895 imaginem
1157 1809 1389 1886 evehebantur3
1413 1807 1457 1873 ab

267 1922 367 1986 altera
390 1910 481 2005 parte
503 1918 750 2004 philosophi
773 1919 813 1983 ab
833 1917 925 1983 initio
945 1920 1125 1982 statuerant
1144 1919 1238 1981 deum
1256 1936 1323 1980 ease
1334 1936 1454 2001 unum,

267 2026 412 2113 potentia
433 2024 566 2091 scientia
588 2025 705 2090 virtute
726 2024 913 2110 perfectum.
936 2023 1022 2100 Quae
1045 2023 1266 2088 meditationes
1284 2024 1457 2107 postquam

267 2133 460 2220 aliquamdiu
495 2133 658 2216 separatae
692 2130 779 2196 velut
813 2130 904 2196 fluvii
938 2129 1065 2216 gemelli
1092 2132 1187 2215 juxta
1215 2132 1456 2214 processerunt,

267 2240 396 2307 tandem
418 2239 455 2303 in
478 2260 579 2303 unum
596 2236 822 2303 confluxerunt
843 2237 1047 2323 Euripidem,
1070 2240 1234 2324 poetam
1265 2237 1458 2301 eundem·

267 2368 343 2433 que
374 2343 681 2429 philosophum.
812 2327 813 2332 ἵ

312 2450 430 2517 Noster
465 2450 549 2515 anim
583 2453 789 2534 utrorumque
823 2449 964 2516 imbutus
998 2453 1066 2515 erat
1097 2448 1364 2534 cogitationibus3
1399 2450 1458 2513 sed

268 2579 341 2623 cum
380 2553 582 2641 philosophia
612 2557 644 2620 ct
676 2555 876 2641 mythologie
907 2560 1023 2621 natura
1052 2556 1138 2621 inter
1170 2577 1204 2620 ac
1238 2557 1458 2639 repugnantes

269 2684 442 2747 numquam
473 2660 512 2724 ad
543 2660 627 2725 idem
659 2661 825 2739 consilium
850 2685 916 2727 una
938 2664 1068 2728 tendere
1091 2665 1221 2748 possent
1242 2660 1304 2725 nisi
1326 2681 1458 2745 prorsus

268 2771 410 2834 mutatae
441 2787 610 2832 conversae
639 2768 805 2847 confusae,
838 2791 941 2854 neque
971 2771 1011 2834 ad
1042 2770 1104 2835 hoc
1127 2790 1207 2853 opus
1229 2766 1457 2852 perficiendum

267 2874 398 2959 ingenio
429 2874 506 2938 satis
527 2873 662 2960 polleret
683 2874 868 2960 Euripides,
894 2876 928 2940 in
952 2876 1018 2941 eius
1042 2897 1167 2961 quoque
1189 2874 1296 2939 animo
1317 2873 1457 2938 interae

169 3050 170 3053 ,
268 2984 420 3066 perpetuo
444 2981 635 3065 pugnabant
658 2981 819 3067 alteraque
842 2982 933 3047 alteri
956 2983 1101 3049 nocebat.
1125 2982 1169 3045 Et
1188 2981 1456 3065 quemadmodum

267 3087 302 3151 in
332 3090 400 3151 arte
431 3087 553 3171 tragica
576 3087 611 3151 in
634 3088 738 3152 media
761 3088 813 3154 via
836 3088 998 3167 substitit,
1022 3088 1138 3173 partim
1162 3088 1294 3172 antiqua
1308 3086 1458 3151 servavit

268 3193 386 3277 partim
409 3214 492 3258 nova
515 3194 664 3271 adscivit,
689 3197 722 3258 et
740 3196 787 3259 ita
805 3216 885 3280 opus
906 3196 1048 3260 condidit
1064 3193 1246 3260 constantia
1265 3214 1393 3270 carens,
1411 3190 1458 3256 sio

268 3298 363 3364 etiam
384 3299 420 3364 in
442 3299 536 3365 rebus
559 3301 675 3366 divinis
699 3300 793 3365 simul
816 3301 980 3385 religionis
1002 3301 1126 3365 fabulas
1145 3300 1294 3384 antiquas
1313 3296 1456 3384 philoso-

268 3406 425 3491 phiaeque
445 3427 529 3471 nova
548 3407 665 3491 placita
684 3410 827 3492 secutus,
841 3429 939 3492 quum
951 3407 1098 3492 copulare
1110 3428 1177 3471 non
1188 3408 1311 3491 posset,
1325 3403 1456 3470 diversis

168 3544 173 3605 ss
196 3548 198 3553 ·
269 3512 435 3578 affectibus
455 3512 656 3598 jactabatur,
681 3516 714 3579 at
732 3535 751 3577 a
770 3536 803 3578 se
825 3514 893 3598 ipse
911 3514 1068 3579 dissidens
1085 3516 1118 3577 ct
1136 3512 1320 3578 discordans
1338 3511 1456 3577 frustra

270 3640 458 3684 consensum
482 3640 701 3703 summamque
724 3620 890 3684 veritatem
914 3619 1070 3705 quaesivit
1083 3619 1118 3704 ¹).

315 3725 379 3791 Vix
409 3748 489 3812 opus
519 3728 567 3791 est
598 3745 743 3802 monere,
778 3726 806 3789 si
833 3719 949 3791 »deum
972 3727 1099 3811 oportet
1120 3748 1186 3791 esse
1208 3723 1366 3810 probum’'
1389 3724 1456 3790 sive

269 3832 399 3897 »nullus
422 3837 471 3897 est
493 3832 569 3897 deus
591 3832 670 3916 quin
694 3831 841 3897 omnibus
864 3831 950 3896 vitiis
970 3831 1110 3909 careat”,
1130 3830 1361 3916 mythologiam
1379 3830 1456 3896 fun·

269 3939 355 4004 ditus
386 3937 476 4016 tolli3
506 3938 590 4023 quod
627 3938 688 4003 nisi
719 3938 908 4003 concesseris
938 3939 992 4003 sed
1022 3939 1177 4023 quaedam
1200 3942 1310 4003 tamen
1332 3960 1457 4021 servare

270 4044 423 4122 volueris,
448 4065 528 4130 opus
547 4044 727 4109 aedificabis
749 4047 834 4129 quod
855 4045 943 4110 omni
961 4044 1169 4111 fundamento
1189 4048 1312 4130 careat,
1334 4044 1456 4111 levissi-

305 4298 332 4363 1)
351 4298 387 4347 of.
412 4297 568 4359 Bouterwel,
592 4299 621 4348 de
642 4297 702 4364 phil.
726 4299 783 4350 llur.
801 4300 904 4366 pg.11:
924 4301 977 4350 need
994 4316 1054 4365 quac
1071 4300 1142 4366 vulgo
1159 4299 1315 4351 credebantur
1332 4316 1456 4367 respuens,

270 4381 334 4446 ipse,
359 4378 417 4445 qnid
441 4382 557 4429 statueret
580 4395 627 4429 non
650 4380 785 4441 inveniens,
810 4382 863 4432 fieri
885 4398 933 4432 non
955 4382 1034 4448 potuit
1050 4383 1108 4448 quin
1123 4382 1218 4433 sibimet
1234 4384 1284 4449 ipsc
1300 4387 1456 4449 repugnaret,

270 4478 324 4512 cnm
348 4463 417 4511 modo
440 4466 467 4512 nt
487 4464 582 4527 poetam
604 4463 683 4523 dccct,
699 4463 809 4513 assentiri
827 4479 951 4531 perperam
967 4465 1077 4525 creditis,
1095 4466 1165 4515 modo
1181 4481 1219 4516 rea
1235 4482 1307 4516 norae
1324 4466 1405 4516 moliri
1421 4466 1456 4516 vi·

269 4542 391 4595 deretur.”
