3250 5217
298 1716 423 1795 QUID
449 1716 704 1790 EURIPIDES
730 1716 796 1789 DE
822 1716 993 1791 MORTE
1018 1718 1256 1793 SENSERIT.

680 1948 874 1955 ——..-———

668 2155 856 2240 CAPUT
878 2156 912 2239 Ι.

482 2388 616 2437 VARIAE
640 2388 859 2437 GRAECORUM
884 2388 1081 2439 OPINIONES.

234 2553 406 2639 Postquam
439 2556 575 2621 tractavi
604 2556 766 2641 Euripidis
790 2558 966 2621 sententias
989 2560 1028 2621 de
1051 2580 1157 2622 rerum
1181 2559 1314 2639 natura,
1340 2555 1378 2619 de

189 2661 320 2725 numine
352 2662 478 2739 divin0,
506 2665 543 2726 de
567 2664 661 2727 rebus
684 2663 849 2747 humanis,
873 2668 972 2727 restat
996 2667 1033 2727 ut
1054 2655 1216 2748 inquiram
1239 2663 1316 2747 quid
1340 2661 1379 2725 de

188 2772 290 2831 morte
320 2768 463 2833 senserit.
493 2766 540 2833 De
571 2791 633 2853 qua
660 2791 693 2833 re
717 2791 786 2833 eurn
812 2769 1059 2834 incertissimum
1084 2770 1160 2834 ferri
1183 2770 1377 2843 videbimus,

188 2872 258 2937 aliis
281 2874 358 2939 loeis
382 2874 459 2939 alias
483 2880 627 2940 secutum
650 2876 827 2959 opiniones
847 2875 1006 2940 Homerus
1026 2880 1135 2941 auctor
1155 2876 1216 2940 fuit
1236 2874 1378 2959 vulgaris

187 2979 348 3063 opinionis
368 2978 582 3059 Graecorum,
606 2986 802 3046 mortuorum
827 3003 937 3045 manes
960 3003 1027 3045 esse
1049 2983 1137 3046 velut
1157 2982 1284 3045 umbras
1308 3001 1377 3044 oor·

187 3107 263 3170 pore
283 3087 449 3152 destitutas
469 3091 502 3152 et
521 3092 629 3152 tamen
650 3088 717 3152 eius
733 3088 868 3172 speeiem
881 3091 1059 3164 servantes,
1072 3090 1179 3166 ψυχὴν
1191 3090 1223 3150 et
1235 3085 1376 3164 εἴδωλον,

187 3190 268 3270 elrep
289 3192 394 3273 φρένες
413 3196 465 3259 οὐκ
488 3192 526 3258 ἔνι
550 3196 686 3269 πάμπαν
700 3194 753 3277 (ll.
768 3194 893 3259 XXIII.
911 3196 1006 3278 104),
1020 3197 1087 3257 tam
1099 3194 1222 3258 tristem
1235 3193 1377 3257 viventes

187 3298 304 3375 vitam,
329 3300 379 3364 vel
402 3301 508 3385 potius
528 3305 679 3377 mortem,
699 3304 736 3365 ut
754 3300 896 3365 Achilles
917 3322 1024 3365 earum
1045 3300 1189 3365 omnium
1207 3298 1376 3383 imperium

186 3405 377 3489 posthabeat
395 3406 566 3471 humillimi
587 3408 725 3491 operarii
744 3406 829 3472 vitae
845 3409 904 3472 sub
915 3407 991 3472 solis
1002 3407 1072 3472 luoe
1083 3406 1229 3491 degentis
1241 3404 1314 3490 (Od.
1329 3405 1377 3469 XI

190 3512 254 3577 489
268 3521 347 3597 sqq.)
367 3513 565 3579 Mortuorum
580 3514 735 3599 judicium
748 3536 815 3579 non
828 3514 965 3578 habetur
980 3513 1023 3599 ¹),
1037 3535 1139 3596 neque
1149 3513 1250 3597 igitur
1261 3511 1376 3575 distin-

190 3624 333 3703 guuntur
368 3624 465 3705 prout
496 3622 582 3706 juste
618 3625 674 3684 aut
701 3621 821 3705 injuste
845 3621 1003 3685 vixerunt.
1034 3619 1131 3684 Pauoi
1153 3620 1298 3699 tanturn,
1321 3616 1378 3701 qui

188 3725 274 3809 ipsos
293 3729 368 3791 deos
381 3727 509 3791 nefariis
522 3727 692 3792 sceleribus
704 3727 894 3810 petiverant,
908 3727 986 3790 diris
998 3725 1162 3810 suppliciis
1176 3723 1376 3799 afficiuntur,

189 3833 226 3894 ut
249 3830 361 3915 Tityus
386 3831 543 3916 Sisyphus
567 3832 721 3896 Tantalus
734 3830 808 3916 (od.
819 3831 878 3896 XI.
893 3831 1103 3919 57.6-600);
1117 3829 1238 3915 parjuri
1251 3850 1376 3913 quoque

188 3937 310 4001 duobus
333 3937 411 4003 loeis
435 3938 487 4022 (Il.
513 3938 572 4002 III.
597 3940 660 4003 278
682 3959 739 4022 sq,
761 3938 853 4002 XIX.
873 3938 937 4001 259
951 3940 1035 4022 sqq.)
1056 3938 1091 4000 in
1111 3936 1246 4001 Tartaro
1259 3957 1378 4021 poenas

223 4156 249 4223 l)
267 4159 312 4208 od.
330 4158 377 4209 XI.
398 4160 445 4208 569
464 4158 546 4208 Minos
563 4158 652 4208 dieitur
669 4154 824 4219 θεμιστεύειν
838 4154 966 4214 νέκυσσιν,
980 4157 1043 4221 qnod
1056 4159 1137 4206 mmen
1150 4154 1249 4205 minime
1263 4154 1378 4219 algnilleat

188 4256 243 4290 enm
260 4241 287 4289 de
305 4231 455 4290 mortnorhm
473 4240 522 4291 vita
538 4244 633 4306 peraeta
644 4240 763 4304 juditium
776 4240 866 4298 faeere,
884 4240 924 4289 sed
939 4254 1023 4289 eornm
1038 4239 1093 4288 lites
1107 4252 1248 4302 eomponere
1261 4240 1286 4285 et
1300 4237 1379 4285 deoer·

188 4338 256 4382 nere;
275 4338 359 4389 nempe
375 4339 446 4373 versu
464 4323 572 4388 sequenti
588 4322 689 4386 legitur:

523 4402 548 4452 οἳ
562 4400 590 4451 δέ
606 4420 647 4465 μιν
664 4401 732 4465 ἀμφὶ
749 4400 820 4459 δίκας
837 4399 930 4464 ἐίρσνσο
947 4400 1052 4451 ἄνακτα.

221 4486 303 4536 Minos
328 4486 391 4536 enim
414 4486 479 4537 inter
495 4485 562 4535 viros
574 4485 648 4549 judex
662 4485 756 4545 fuerat,
771 4485 853 4549 itaque
867 4486 930 4551 opud
943 4485 1033 4535 inferos
1047 4485 1128 4534 eodem
1143 4498 1242 4533 munere
1255 4481 1378 4546 fungitur,

185 4570 384 4634 quemadmodum
403 4568 519 4618 Hercules
539 4567 664 4631 utrobique
683 4583 740 4616 aren
761 4567 847 4617 utitur.
