3250 5217
816 394 880 458 154

249 578 314 643 suis
337 582 552 662 praetendunt
585 580 715 644 deorum
751 580 808 643 aut
837 578 902 643 rim
933 581 990 641 aut
1020 577 1203 662 exemplum
1230 579 1272 663 (c.
1296 577 1330 645 Π
1354 580 1373 662 ἓ
1398 580 1443 663 4).

248 682 339 759 Quod
370 684 409 748 iis
440 684 607 769 Euripides
638 688 763 749 tantam
795 684 963 749 verborum
994 684 1118 767 copiam
1149 683 1384 767 suppeditavit,
1411 684 1442 749 id

248 790 390 873 profecto
409 794 572 875 acceptum
596 790 721 855 rettulit
745 790 859 855 studiis
882 790 1066 866 rhetoricis,
1092 789 1207 873 quihus
1227 789 1442 873 sophistarum

248 895 346 961 ductu
379 902 410 960 et
440 896 588 981 auspiciis
618 896 782 973 incubuit;
816 895 917 980 ipsam
954 917 1029 959 vero
1060 895 1275 959 excusationis
1305 895 1441 961 formam

248 1001 357 1083 procul
390 1002 488 1066 duhio
521 1023 587 1066 uon
616 1003 656 1066 ab
687 1003 726 1067 iis
757 1004 922 1067 mutuatus
950 1004 1014 1084 est;
1039 1023 1197 1085 nusquam
1222 1002 1307 1085 apud
1331 1003 1441 1068 Plato·

248 1128 322 1171 nem
342 1108 393 1173 vel
417 1109 667 1193 Xenophontem
691 1109 831 1174 occurrit
854 1108 998 1193 sophista
1021 1129 1184 1191 exponens
1210 1108 1360 1173 vitiorum
1381 1109 1441 1173 hu·

249 1235 415 1278 manorum
439 1214 565 1299 culpam
589 1216 622 1280 iu
647 1216 721 1281 deos
745 1237 812 1281 esse
836 1215 1073 1279 conferendam.

295 1319 356 1383 Sed
389 1321 458 1385 aliis
489 1344 615 1405 quoque
638 1322 817 1387 rationibus
840 1343 937 1404 prave
960 1320 1045 1385 facte
1068 1323 1266 1387 excusantur.
1302 1319 1442 1395 Quarum

249 1428 391 1511 exempla
417 1428 564 1512 peteuda
594 1433 670 1493 sunt
701 1428 858 1493 efabulis
890 1426 1070 1510 deperditis.
1103 1426 1141 1490 ln
1174 1426 1290 1511 quihus
1321 1430 1443 1511 quauta

249 1534 397 1599 cautione
420 1556 500 1618 opus
524 1533 566 1597 sit
589 1534 756 1599 illustrabo
782 1533 950 1598 notissimo
974 1532 1144 1617 Hippolyti
1168 1555 1260 1597 versu
1284 1534 1395 1619 (612):

487 1644 502 1713 ἡ
528 1640 645 1717 γλῶσσ’
668 1642 829 1719 ὀμώμοχ’,
855 1642 873 1715 ἡ
898 1642 928 1705 δὲ
953 1640 1031 1718 <Dete
1056 1639 1223 1714 ἀνώμοτος.
1406 1633 1410 1643 ”

294 1746 331 1809 lu
351 1747 445 1810 rebus
467 1746 672 1830 sequentibus
696 1747 781 1810 enim
804 1746 1001 1830 Hippolytus
1023 1750 1150 1809 tantum
1175 1746 1265 1810 abest
1287 1748 1324 1810 ut
1346 1746 1442 1811 fidem

247 1852 395 1935 frangat,
419 1855 588 1915 utcontra
609 1874 733 1917 summa
751 1874 823 1916 cum
843 1852 998 1935 religione
1019 1857 1139 1929 servet,
1152 1873 1345 1936 quamquam
1357 1852 1442 1918 clare

246 1958 334 2022 videt
362 1958 395 2022 id
426 1957 487 2021 sibi
516 1958 612 2023 exitio
642 1958 718 2025 fore.
744 1958 816 2023 Hoc
838 1958 939 2041 igitur
961 1958 1104 2022 ostendit
1127 1979 1252 2023 versum
1275 1958 1366 2022 illum
1389 1957 1441 2023 in-

247 2064 431 2147 dignatione
463 2068 622 2128 commote
646 2068 764 2129 temere
787 2066 958 2140 excidisse,
983 2065 1092 2147 itaque
1116 2064 1288 2129 absurdum
1311 2085 1378 2128 esse
1402 2086 1441 2127 ex

196 2153 198 2157 ’
245 2169 301 2233 illo
327 2169 504 2234 doctrinam
529 2169 683 2249 conflare,
707 2172 797 2255 quasi
814 2172 1039 2255 jusjurandum
1052 2171 1161 2234 liceret
1172 2170 1301 2235 violare.
1322 2168 1393 2244 Qua
1410 2192 1443 2235 re

247 2296 375 2339 mouere
393 2276 465 2340 volo
489 2277 619 2361 quantis
642 2276 879 2360 implicaremur
903 2276 1078 2353 erroribus,
1103 2277 1129 2340 si
1150 2275 1275 2359 perdito
1301 2277 1444 2339 dramate

246 2380 324 2444 haec
356 2384 484 2445 tantum
504 2383 601 2446 verba
624 2387 770 2466 excerpta
790 2385 869 2447 uota
891 2382 1095 2457 haberemus,
1121 2382 1387 2466 quemadmodum
1412 2383 1444 2444 et

247 2486 324 2550 alibi
348 2490 381 2551 et
404 2488 489 2571 apud
514 2488 620 2552 Schol.
645 2488 810 2571 Aristoph.
835 2489 889 2573 (ad
913 2488 996 2553 Rau.
1023 2488 1124 2573 1470)
1147 2487 1318 2571 leguntur!
1332 2482 1359 2569 ¹)

293 2590 339 2655 Ut
369 2592 470 2673 igitur
499 2596 684 2657 accedamus
719 2594 758 2655 ad
793 2592 975 2681 fragmenta
1011 2596 1191 2656 dramatum
1228 2590 1442 2675 perditorum,

247 2705 322 2762 ante
345 2702 453 2762 ornuia
476 2698 610 2762 offendit
633 2699 775 2763 senarius
798 2722 837 2763 ex
861 2699 961 2763 Aeolo
985 2701 1128 2763 servatus
1151 2697 1202 2775 (fr.
1231 2698 1304 2781 19):

451 2805 482 2867 τί
506 2803 532 2867 δ’
557 2806 701 2885 αἰσχρὸν,
726 2805 760 2879 ἣν
783 2809 827 2883 μὴ
852 2814 929 2869 τοῖσι
953 2804 1117 2883 χρωμένοις
1143 2804 1234 2884 δοκῇς

292 2908 352 2975 Oui
382 2909 592 2975 Antisthenes
622 2933 641 2974 a
671 2910 757 2976 Plut.
790 2910 885 2997 (Mor.
920 2912 962 2975 33
982 2909 1024 2988 03
1051 2908 1181 2975 aStob.
1203 2909 1244 2975 V.
1270 2912 1312 2975 82
1336 2909 1443 2995 Plato)

245 3016 585 3100 respondissefertur:

382 3122 510 3201 αἰσχρὸν
535 3122 571 3187 τό
594 3126 628 3200 γ’
652 3125 798 3205 αἰσχρὸν,
825 3124 882 3187 κᾶν
908 3124 979 3203 δοκῇ
1005 3122 1063 3186 κᾶν
1087 3124 1130 3199 μὴ
1156 3122 1278 3208 δοκῇ9).

293 3228 410 3293 Versus
440 3228 512 3306 ille,
544 3251 681 3313 quocum
702 3230 823 3314 optime
842 3230 1019 3311 comparari
1040 3230 1146 3312 potest
1165 3229 1325 3293 sententia
1344 3251 1442 3312 quam

244 3334 279 3398 in
302 3333 486 3398 Phoenissis
509 3334 653 3399 Eteocles
675 3336 853 3421 injustitiae
877 3356 952 3399 suae
974 3334 1158 3417 praetendit
1182 3334 1294 3419 (499):

248 3516 431 3526 ———-.

279 3634 306 3697 1)
329 3634 374 3682 Vel
396 3634 429 3682 sie
446 3633 567 3681 tamenin
585 3632 665 3682 fabula
681 3633 809 3697 superstite
826 3648 909 3682 versus
925 3633 968 3681 ille
984 3633 1102 3697 plurimos
1119 3633 1227 3681 hemines
1244 3632 1342 3681 offendit
1359 3634 1384 3682 et
1401 3648 1442 3681 au·

244 3715 323 3779 tiquos
347 3719 370 3763 et
394 3717 553 3773 recentiores,
571 3715 646 3779 iisque
663 3731 750 3780 pravae
767 3715 929 3765 institutionis
944 3714 1086 3779 sophisticae
1103 3715 1196 3763 fructus
1213 3715 1360 3779 perniciosus
1377 3714 1442 3763 visus

244 3801 286 3845 est.
304 3797 392 3845 Videor
408 3797 469 3845 mihi
483 3796 572 3845 erroris
590 3797 681 3846 fontem
705 3798 845 3861 repperisse.
863 3797 889 3845 Si
909 3796 1033 3860 ituripides
1050 3796 1132 3844 eodem
1148 3812 1219 3845 seusu
1235 3795 1379 3860 scripsisset:
1401 3800 1441 3845 nat

242 3878 332 3927 inscius
351 3894 416 3927 eram
438 3879 495 3943 quid
515 3863 647 3941 ju'rarern”,
667 3879 799 3938 nemiuem,
821 3879 918 3943 opinor,
937 3878 1084 3935 offendisset;
1103 3878 1143 3926 sed
1161 3878 1239 3925 forma
1255 3877 1371 3925 concinna
1386 3892 1441 3926 curn

242 3960 355 4009 antithesi
378 3960 465 4018 mentis
485 3964 509 4009 et
528 3960 624 4023 linguae
645 3960 704 4009 artis
728 3960 861 4009 rhetoricae
884 3961 1013 4009 admonens
1035 3959 1113 4007 effecit
1136 3964 1163 4008 ut
1180 3960 1299 4008 sententia
1315 3958 1359 4007 illa
1375 3958 1440 4007 vide-

242 4046 310 4091 retur
333 4048 441 4091 accurate
462 4058 511 4091 esse
528 4058 644 4108 perpensa
660 4047 685 4091 et
703 4043 771 4107 quasi
788 4047 881 4091 certum
898 4044 984 4107 dogma
1001 4042 1133 4091 enuntiata.
1160 4043 1190 4091 In
1207 4043 1251 4091 hac
1268 4058 1294 4091 re
1308 4042 1441 4107 plurimum

242 4124 271 4173 ah
290 4124 407 4173 histrione
429 4126 521 4189 pendet.
541 4124 590 4189 Qui
607 4124 627 4173 si
644 4126 737 4182 sedate,
755 4124 832 4183 lente,
849 4128 958 4173 accurate
974 4123 1179 4189 pronuntiaverit,
1199 4138 1281 4172 omncs
1297 4126 1441 4188 spectatores

241 4206 267 4254 iu
284 4221 390 4255 errorem
407 4206 514 4267 inducet,
541 4222 623 4254 verum
642 4206 663 4255 si
680 4222 734 4254 cum
750 4205 923 4267 indignationis
938 4207 1024 4254 ardore
1037 4205 1156 4255 concitato
1173 4211 1241 4254 motu
1256 4222 1283 4254 ac
1299 4221 1355 4254 voce
1368 4204 1441 4254 verba

241 4288 342 4345 fuderit,
361 4304 442 4337 veram
459 4292 542 4353 poetae
558 4289 699 4338 seutentiam
718 4292 781 4337 recte
800 4288 984 4353 interpretatam
1001 4286 1111 4336 omuibus
1128 4287 1245 4353 probabit.
1266 4287 1371 4337 Mutatis
1388 4302 1441 4336 mu-

240 4369 320 4418 tandis
336 4369 400 4418 idem
417 4370 442 4418 iu
460 4370 586 4419 lectionem
603 4370 696 4420 fabulae
713 4371 784 4419 cadit.

274 4451 302 4514 2)
325 4452 360 4500 Oi.
384 4453 446 4517 apud
468 4452 525 4501 Eur.
549 4452 627 4517 ipsum
652 4453 810 4502 Andromach.
836 4454 898 4503 244:
919 4445 994 4500 κάκεῖ
1008 4449 1043 4499 τά
1060 4452 1088 4513 γ’
1106 4450 1205 4514 αἷσχρᾰ
1222 4448 1323 4499 κάνθάδ’
1341 4448 1440 4513 αἶσχό-

242 4550 281 4589 νην
300 4532 365 4595 ἔχει.
