3250 5217
811 412 875 482 114

246 598 490 667 difficultatibus
511 599 724 683 implicantur.
745 597 940 665 Plutarchus
957 596 1077 664 frustra
1095 596 1209 664 aititur
1227 601 1260 660 et
1279 595 1439 663 cruciatur

247 708 284 769 ut
315 706 400 769 viam
425 705 569 771 inveniat
594 704 725 790 qua'dii
747 704 917 789 populares
939 704 1058 770 servari
1080 703 1224 787 possint,
1247 724 1307 767 uec
1330 704 1440 767 tamen

242 813 397 896 juventus
432 832 541 876 eorum
575 794 738 877 levitatem
770 812 889 877 imitari
919 811 1075 877 sust-ineat
1088 813 1124 895 ¹).
1160 809 1254 875 Plato
1284 808 1441 892 intelligit

245 922 416 1004 utrumque
451 919 605 1003 conjungi
637 940 703 983 non
734 939 844 1002 posse,
870 918 978 1001 itaque
1000 923 1112 1002 poetas
1134 938 1245 981 omnes
1268 938 1287 979 a
1310 916 1440 985 civitate

245 1047 302 1089 sua
332 1026 464 1111 relegat.
496 1026 642 1091 Socrates
664 1046 789 1111 quoque
816 1024 1000 1089 Platonicus
1022 1023 1249 1107 Euthyphroni
1272 1023 1318 1106 (in
1342 1042 1438 1106 cogn.

245 1131 319 1195 dial.
342 1155 374 1216 p.
402 1134 435 1218 6)
459 1132 668 1196 contendenti
691 1135 776 1196 reete
798 1152 832 1195 se
855 1128 977 1215 patrem
1002 1130 1214 1204 accusavisse,
1234 1128 1320 1212 quod
1340 1128 1437 1191 etiem

244 1236 373 1321 Jupiter
403 1238 542 1303 Saturno
574 1259 641 1302 non
672 1237 880 1323 pepercisset,
911 1239 1084 1320 respondet
1113 1256 1146 1300 se
1169 1234 1234 1298 illis
1256 1232 1376 1296 fabulis
1399 1234 1439 1296 de

244 1342 324 1408 Jove
360 1346 392 1407 et
425 1342 562 1409 Saturno
596 1343 717 1407 nullam
749 1342 845 1407 fidem
878 1344 1061 1428 adjungere.
1094 1340 1205 1424 Neque
1227 1343 1355 1424 praeter
1378 1338 1439 1401 hoc

244 1451 330 1534 quod
361 1450 480 1514 diceret
511 1449 652 1515 habebat
682 1451 745 1515 nisi
776 1453 833 1515 aut
864 1448 1131 1533 Euthyphronem
1162 1447 1292 1511 laudare
1324 1444 1438 1526 vellet,

243 1557 299 1618 aut
323 1556 494 1620 concedere
519 1559 595 1621 deos
619 1556 740 1621 nullam
764 1578 889 1621 morum
911 1556 1115 1621 sanctitatem
1139 1553 1314 1619 obseruare

639 1742 657 1825 ἓ
683 1738 714 1807 5.
748 1739 799 1806 De
823 1740 1035 1807 Divinatione.

287 1890 436 1957 Vidimus
465 1893 505 1957 ab
528 1892 681 1977 Euripide
704 1896 798 1957 modo
823 1916 979 1957 summam
1002 1894 1194 1977 potestatem
1216 1889 1437 1975 justitiamque

241 1998 275 2061 in
300 1999 374 2063 deos
398 1998 568 2083 populares
592 1999 746 2083 conferri,
773 2000 867 2064 modo
888 2021 996 2063 eorum
1016 1998 1235 2064 infirmitatem
1255 1996 1436 2060 levitatem-

240 2125 302 2188 que
326 2105 381 2168 ubi
405 2110 561 2190 apparent
579 2105 784 2175 vehementer
803 2105 987 2190 improbari.
1012 2103 1329 2168 Divinationem
1354 2120 1435 2185 quo·

240 2232 301 2294 que
326 2211 535 2276 diversissime
559 2212 700 2275 adhibet.
725 2211 800 2276 Non
824 2233 896 2276 raro
920 2214 1144 2295 argumentum
1170 2210 1285 2273 nititur
1306 2208 1435 2272 oraculo

241 2318 395 2400 quodam,
432 2318 521 2382 ouius
549 2319 666 2382 veritas
692 2324 807 2381 eventu
832 2317 1113 2383 confirmatoria
1137 2314 1264 2405 Helena
1286 2314 1436 2378 Theonod

241 2421 422 2486 Menelaum
455 2427 655 2507 praesentem
689 2446 770 2487 esse.
789 2424 938 2507 protinus
971 2422 1213 2495 animadvertit;
1239 2421 1275 2484 Io
1299 2418 1436 2503 Pythiae

238 2549 390 2613 responso
425 2527 562 2594 Creusae
598 2530 758 2606 redditur;
797 2530 985 2613 Iphigeniae
1015 2529 1110 2596 Taur.
1143 2527 1302 2591 somnium
1325 2546 1435 2589 verum

238 2634 353 2699 evadit.
387 2634 427 2698 In
457 2634 585 2699 Electra
608 2635 734 2700 Orestes
757 2636 841 2700 redit
864 2639 1037 2700 secundum
1061 2633 1222 2719 Apollinis
1244 2629 1432 2715 effatum¹);

237 2739 272 2803 in
302 2739 481 2805 Heraclidis
517 2740 707 2826 Demophon
738 2742 954 2827 superstitiose
977 2742 1085 2806 omnia
1109 2739 1244 2824 auguria
1267 2737 1431 2812 observat,

237 2846 352 2930 quibus
377 2868 448 2911 oum
476 2847 619 2912 Macaria
641 2830 824 2913 uoluntaria
849 2852 951 2912 morte
974 2847 1223 2931 obtemperavit,
1243 2843 1433 2929 profligetur

239 2951 433 3036 Argivorum
460 2955 626 3019 exercitus.
651 2953 713 3030 Qui
736 2943 855 3019 temere
878 2954 956 3018 alios
979 2953 1120 3039 periculo
1144 2952 1361 3037 exposuerunt
1383 2948 1432 3012 vi·

237 3061 427 3141 tuperantur
463 3060 548 3143 quod
580 3065 690 3124 vatum
733 3082 886 3145 responsa
917 3058 1127 3144 neglexerint.
1152 3058 1223 3122 Hoc
1246 3056 1375 3120 nomine
1397 3056 1431 3119 in

236 3162 441 3249 Supplicibus
479 3165 619 3230 Theseus
653 3169 790 3231 Adrasto
816 3166 933 3230 bellum
957 3165 1169 3241 Thebaicum,
1193 3166 1227 3228 in
1252 3160 1431 3247 Hippolyto

238 3269 342 3335 Diana
365 3270 487 3336 Theseo
510 3272 568 3335 filii
592 3272 839 3337 exsecrationem
863 3271 1043 3355 exprobrat.

511 3474 570 3525 ’aa
582 3472 639 3527 obet
655 3477 704 3539 γὰρ
722 3472 783 3526 εἶναι
800 3475 865 3526 πάνυ
882 3476 948 3540 φημὶ
964 3473 1039 3533 δίκην.

508 3564 549 3607 ΔΙ.
584 3556 628 3607 οὐκ
644 3553 705 3609 εἶναι
722 3557 784 3625 Φῆςς
802 3561 863 3609 ’Am
880 3558 939 3622 φέρε
955 3559 1018 3622 γὰρ,
1035 3560 1083 3607 ποῦ
1101 3558 1179 3613 ’urm

508 3645 549 3689 ΔΙ.
583 3641 650 3702 παρὰ
667 3643 735 3690 τοῖσι
752 3640 821 3700 θεοῖς.
1254 3632 1258 3637 ’

509 3722 569 3771 ’Am
581 3726 634 3781 πῶς
650 3719 716 3780 δῆτα
732 3721 801 3782 δίκης
817 3721 893 3782 aliena
909 3724 923 3772 δ
939 3724 999 3782 Ζεὺς

580 3802 625 3853 oda
641 3803 771 3855 ἀπόλωλεν
788 3805 832 3855 τὸν
850 3804 940 3868 πατέρ’
956 3803 1036 3854 αὑτοῦ

583 3885 677 3946 deiram
694 3894 734 3939 ΔΙ.
751 3887 833 3950 αἰβοῖ,
849 3887 926 3938 reue-l
942 3886 985 3937 nal
1000 3886 1030 3944 or

579 3966 660 4033 χωρεῖ
673 3971 704 4019 τὸ
730 3971 817 4028 eandm
832 3968 892 4020 δότε
909 3988 950 4031 μοι
967 3969 1078 4027 λεκάνην.

270 4054 326 4102 Hoc
349 4069 443 4118 quoque
458 4052 510 4103 loco
528 4050 621 4109 δίκαιος
636 4056 713 4115 Λόγος
726 4054 852 4105 manifesto
868 4049 961 4115 ἀπορεῖ.
978 4054 1150 4118 Aristophanes
1166 4054 1208 4103 baa
1225 4054 1432 4116 ratiocinationes,

242 4134 328 4196 quibus
350 4136 413 4184 haud
439 4133 509 4184 dubie
531 4135 595 4185 locos
618 4136 760 4200 Euripideos
783 4137 893 4202 respicit,
910 4136 1018 4201 prolerre
1035 4152 1083 4185 nou
1101 4134 1230 4195 debuisset,
1249 4137 1295 4186 nisi
1313 4139 1432 4188 deiiceret.

240 4216 331 4266 Vereor
349 4217 411 4266 enim
429 4232 459 4265 ne
475 4231 514 4264 eas
529 4216 575 4265 hoc
592 4218 662 4266 modo
679 4216 769 4267 civibus
785 4220 867 4283 potius
881 4219 1026 4283 probaverit.

271 4299 298 4361 1)
317 4300 346 4347 In
364 4299 393 4348 l.:
413 4300 531 4361 quomodo
547 4300 683 4349 aduhsceus
700 4305 782 4365 poetae
798 4302 881 4351 audire
897 4301 986 4352 debent.

271 4382 298 4445 2)
316 4381 411 4445 Polyidi
430 4381 515 4445 drama
533 4382 667 4446 perditum,
685 4385 753 4433 cuius
770 4389 835 4433 aelus
851 4384 987 4448 ignoratur,
1003 4387 1082 4433 totum
1097 4385 1192 4435 videtur
1205 4390 1324 4434 versutum
1341 4403 1392 4435 esse
1405 4386 1431 4435 in

235 4464 322 4529 insigni
339 4470 409 4521 arte,
425 4478 473 4527 qua
491 4469 562 4513 notua
577 4464 619 4513 ille
633 4470 699 4515 veles
713 4467 830 4517 Glaucum
843 4482 946 4531 puerum
958 4467 1127 4531 investigatum
1141 4471 1165 4517 et
1178 4468 1285 4517 invitam
1295 4474 1432 4519 revocatum

232 4547 298 4613 patri
316 4546 421 4596 reddidit
438 4546 481 4612 (cl.
498 4546 563 4611 Hyg.
580 4547 626 4597 fab.
646 4550 707 4609 luo,
724 4549 836 4614 Apollod.
854 4549 906 4609 Ill,
923 4552 947 4608 8,
965 4550 1002 4614 l).
