3250 5217
727 374 790 435 109

160 578 208 621 res
233 556 279 621 ita
303 555 466 620 ordinasse
489 557 527 619 ut
549 576 619 621 cum
645 575 751 620 sorore
775 556 883 620 salvus
904 556 939 621 in
961 556 1100 639 patriam
1120 557 1248 621 rediret.
1267 556 1355 621 ldem

160 662 304 727 Orestem
334 661 370 725 in
401 662 585 746 cognomini
619 664 764 727 dramate
795 664 903 727 servat
933 664 966 725 et
996 662 1031 726 in
1055 661 1143 727 Ionis
1165 662 1230 727 fine
1252 661 1354 727 filium

160 768 254 833 matri
275 767 397 833 reddit:

296 874 325 947 ἐς
351 872 439 945 τέλος
464 874 527 955 γὰρ
550 874 576 938 οἱ
599 876 656 952 μὲν
679 875 778 939 ἐσθλοὶ
802 872 1015 954 τυγχάνουσιν
1039 873 1150 953 citior,

290 982 315 1045 ci
342 979 428 1045 acaci
453 980 491 1054 δ’,
517 978 616 1059 ὥσπερ
641 982 802 1061 πεφύκυο’
826 979 931 1045 οὔποτ’
955 977 988 1045 εὖ
1012 981 1162 1062 πράξειαν
1190 978 1239 1044 ἄν.

200 1085 291 1151 Duae
310 1089 417 1150 autem
439 1085 533 1150 huius
554 1107 680 1170 quoque
701 1086 814 1151 aetatis
834 1085 979 1167 fabulae,
1001 1085 1230 1151 Andromacha
1242 1084 1352 1150 etHe-

155 1192 228 1256 lena
251 1192 390 1277 (practer
411 1192 468 1256 has
492 1192 578 1257 enim
599 1192 754 1270 Alcestis,
774 1192 904 1276 Medea,
924 1191 1084 1279 Bacchae)
1105 1194 1191 1257 notis
1209 1193 1352 1258 versibus

156 1297 388 1363 terminantur:

450 1404 556 1469 πολλοὶ
580 1404 606 1468 δ’
630 1404 776 1478 ἀέλπτως
801 1404 952 1486 κραίνουσι
978 1404 1054 1483 θεοὶ,

449 1510 502 1574 acl
529 1510 571 1575 τοὶ
592 1509 743 1583 δοκηθέντ’
768 1511 821 1576 οὐκ
846 1509 1008 1586 ἐτελέσθη,

451 1622 510 1681 τῶν
536 1615 562 1679 δ’
585 1615 740 1691 ἀδοκήτων
764 1615 852 1697 πόρον
876 1612 945 1699 ηὗρε
970 1616 1043 1689 θεός.

452 1720 559 1789 τοιόνδ’
583 1723 691 1801 ἀντέβη
715 1722 785 1789 τάδε
810 1727 959 1803 aprinae.
973 1721 1001 1808 ¹)

362 2000 380 2074 ἓ
405 1997 434 2060 3.
476 1994 634 2075 Quomodo
658 1998 865 2084 discrepantia
887 1998 1068 2085 explicanda
1091 2000 1141 2063 ait.

202 2206 364 2293 Expositis
384 2212 515 2273 deorum
536 2208 824 2307 vituperationibus
849 2212 944 2292 atque
970 2209 1117 2274 laudibus
1138 2214 1353 2294 quaerendum

157 2317 205 2378 cst
234 2337 298 2399 qua
329 2318 443 2379 ductus
475 2314 616 2391 ratione,
640 2316 671 2377 ri
695 2314 798 2379 τνθὼν
823 2300 917 2399 poeta
941 2336 977 2379 ea
1002 2316 1110 2379 omnia
1140 2318 1355 2382 enuntiaverit

156 2425 222 2485 tam
254 2421 468 2506 discrepantia
499 2424 531 2485 et
554 2420 751 2504 pugnantia,
781 2422 819 2483 ut
843 2420 978 2504 singulis
1003 2422 1173 2486 sententiis
1196 2423 1292 2487 etiam
1316 2445 1355 2487 ex

154 2527 266 2593 iisdem
289 2526 406 2591 fabulis
427 2548 556 2610 prorsus
580 2526 759 2590 contrariae
782 2526 903 2610 opponi
926 2527 1060 2610 possint.

162 2631 164 2637 ’
199 2633 253 2697 An
278 2633 447 2718 explicatio
466 2634 603 2715 petenda
622 2634 670 2697 est
690 2654 706 2696 e
726 2654 933 2716 personarum
945 2634 1145 2698 scenicamm
1160 2634 1352 2712 diversitate,
1401 2665 1409 2674 ·

154 2740 201 2803 ita
224 2741 262 2802 nt
284 2738 385 2802 altera
407 2741 480 2801 utra
502 2760 576 2823 pars
599 2740 726 2801 tantum
750 2760 823 2802 vere
842 2742 954 2822 poetae
974 2740 1117 2803 animum
1140 2741 1351 2824 expresserit?

156 2842 244 2908 Haec
267 2865 341 2908 vero
362 2844 429 2928 jam
454 2864 489 2907 eo
514 2844 708 2927 praeciditur
731 2844 817 2927 quod
838 2844 942 2908 omnis
962 2845 1087 2928 generis
1107 2867 1259 2929 personae
1276 2868 1352 2932 pro-

155 2950 263 3014 ferunt
293 2949 469 3013 sententias
496 2949 565 3034 pias
588 2952 620 3013 et
643 2950 775 3033 impias,
799 2970 915 3034 nempe
936 2950 1029 3033 probi
1054 2953 1086 3013 et
1110 2952 1268 3035 improbi,
1293 2952 1353 3016 viri

154 3054 372 3139 feminaeque,
393 3053 516 3119 nobiles
537 3055 745 3140 humilesque.
765 3054 859 3120 Solus
882 3055 1015 3132 chorus,
1035 3078 1227 3142 quamquam
1239 3079 1352 3141 parum

155 3164 335 3227 reverenter
357 3183 450 3244 saepe
474 3161 512 3225 de
536 3160 595 3224 diis
619 3161 760 3245 loquitur
783 3160 837 3245 (cf.
863 3160 957 3225 Herc.
983 3162 1005 3225 f.
1020 3161 1085 3225 655
1098 3184 1170 3246 sqq.
1194 3161 1352 3227 Androm.

158 3268 243 3333 1030
263 3268 336 3352 sq.)‚
356 3270 464 3331 tamen
489 3270 528 3330 ad
551 3267 666 3351 impias
690 3267 940 3351 vituperationes
963 3268 1017 3332 vix
1042 3290 1193 3352 umquam
1218 3290 1351 3354 progre-

156 3374 259 3450 ditur;
284 3372 344 3437 hoc
368 3376 477 3436 tamen
500 3373 575 3436 inde
599 3374 804 3456 repetendum
830 3395 896 3438 esse
916 3374 1041 3438 videtur
1061 3376 1145 3458 qnod
1166 3374 1255 3439 chori
1275 3397 1352 3440 can-

155 3480 218 3544 tica
242 3480 277 3545 in
300 3478 472 3562 tragoediis
495 3478 623 3563 proprie
646 3482 686 3541 ad
711 3479 839 3543 deornm
860 3478 969 3543 laudes
988 3480 1138 3544 instituta
1158 3483 1353 3565 erant3tum

156 3587 271 3651 chorus
304 3585 469 3669 opiniones
505 3585 644 3669 proferre
679 3585 822 3663 solebat,
857 3585 966 3670 quales
1000 3584 1122 3650 civibus
1155 3585 1351 3669 simplicibus

157 3692 272 3757 ascribi
295 3694 436 3775 possent.
836 3703 838 3708 ·
1199 3692 1203 3696 ’

202 3796 279 3863 Non
298 3800 406 3881 potest
425 3797 565 3861 dubitari
583 3796 768 3882 Euripidem
789 3797 922 3862 simulac
942 3801 1035 3862 deum
1047 3801 1193 3883 oportere
1205 3803 1351 3864 sanctum

159 3925 224 3968 esse
246 3925 432 3989 persuasum
457 3902 517 3967 sibi
540 3902 669 3989 habuit,
696 3925 760 3968 non
786 3903 923 3989 amplius
946 3907 1021 3968 deos
1044 3904 1279 3990 mythologicos
1302 3906 1353 3991 pie

160 4010 302 4074 venerari
336 4009 495 4093 potuisse,
532 4032 641 4074 verum
677 4032 717 4073 an
754 4014 859 4075 essent
882 4011 1064 4095 frequenter
1087 4011 1266 4089 dubitasse,
1299 4015 1354 4076 sed

159 4116 328 4181 destitutus
350 4115 408 4180 illa
429 4116 554 4199 ingenii
577 4117 609 4181 vi
632 4138 713 4201 quae
737 4138 839 4181 novae
861 4116 1010 4199 religioni
1033 4116 1083 4181 vel
1108 4118 1273 4181 doctrinae
1297 4138 1352 4180 ex-

159 4222 349 4306 cogitandae
383 4221 535 4306 sufficiat,
571 4220 658 4286 velut
692 4222 782 4287 navis
817 4243 898 4305 quae
933 4222 1096 4305 deperdito
1133 4221 1352 4307 gubernaculo

192 4491 219 4555 1)
237 4491 272 4540 Cf.
291 4490 366 4539 etiam
382 4490 412 4539 fr.
430 4490 536 4541 Alcman.
555 4491 612 4539 101.
