3250 5217
747 432 809 496 105

178 614 312 680 Dianam
344 604 596 700 reprebendens,
628 636 709 699 quae
739 638 839 701 quum
871 619 966 682 caede
991 616 1132 701 pollutos
1155 616 1196 681 ab
1221 617 1285 683 aris
1307 618 1373 683 suis

177 726 297 799 arceat,
321 722 391 806 ipsa
413 722 589 787 delectetur
613 723 710 787 sacris
732 722 900 801 humanis,
925 721 1074 808 protinus
1097 723 1189 787 addit
1211 745 1244 789 se
1263 727 1371 789 tamen

179 849 242 893 non
273 828 399 893 credere
431 829 530 893 talem
561 831 652 893 deam
677 850 743 893 esse
768 851 872 914 neque
894 850 1026 894 coenam
1050 828 1237 894 Tantaleam
1261 851 1371 915 reapse
1458 876 1462 882 ·

177 934 332 1019 evenisse,
359 954 468 999 verum
491 933 637 999 homines
660 957 717 999 sua
738 933 864 1019 flagitia
887 935 920 998 in
947 938 1022 1000 deos
1046 935 1218 1000 contulisse
1232 935 1274 1020 1);
1296 935 1371 1000 nul·

177 1041 243 1105 lum
266 1040 351 1105 enim
375 1043 505 1105 deorum
529 1041 648 1105 malum
673 1062 748 1108 esse.

221 1145 249 1211 Ε
270 1144 436 1230 tragoedia
459 1144 702 1230 Bellerophonte
721 1146 877 1217 Stobacus
898 1147 995 1232 (Flor.
1020 1147 1132 1232 100‚4)
1153 1148 1280 1212 rettulit
1291 1170 1371 1231 qua·

177 1257 249 1321 tuor
261 1253 402 1318 senarios
414 1252 467 1337 (fr.
483 1254 548 1318 294
560 1275 589 1320 v.
601 1255 646 1339 4),
658 1254 774 1337 quibus
786 1254 970 1318 mortalium
983 1254 1088 1318 morbi
1099 1254 1165 1318 sire
1177 1253 1372 1320 calamitates

177 1359 281 1445 (νθοοι)
305 1359 423 1443 partim
448 1359 618 1439 αὐθαίρετοι
643 1381 710 1425 esse
733 1361 886 1425 dicuntur
908 1360 1026 1444 partim
1046 1360 1200 1425 divinitus
1218 1360 1366 1438 immissi;

178 1467 208 1529 et
238 1467 402 1549 praeterea
434 1465 530 1530 deos
553 1466 589 1529 si
611 1469 735 1550 turpe
759 1467 988 1551 quidquam
1008 1467 1052 1529 in
1075 1488 1115 1531 se
1138 1466 1373 1531 admittant

177 1593 257 1637 non
280 1592 371 1637 esse
396 1574 511 1649 deos,
535 1566 616 1656 quae
636 1573 796 1637 sententia
817 1573 1081 1638 confirmatoriis
1101 1574 1236 1658 quaein
1254 1572 1372 1639 fabulis

179 1676 399 1762 superstitibus
421 1677 568 1761 legimus.

222 1783 343 1848 Verum
356 1804 395 1847 ex
407 1784 516 1848 eadem
528 1784 693 1868 tragoedia
704 1791 877 1869 supersunt
888 1786 1025 1850 trimetri
1036 1786 1216 1870 quindecim
1226 1784 1279 1869 (fr.
1291 1786 1371 1869 288)

179 1891 261 1974 apud
284 1889 369 1955 Just.
394 1889 489 1953 Mart.
511 1889 550 1973 (Ι.
572 1910 626 1974 pg.
650 1891 746 1977 130),
761 1891 876 1975 quibus
896 1892 940 1955 dii
959 1913 1026 1956 esse
1045 1912 1173 1975 prorsus
1193 1894 1371 1975 negantnrz

427 1998 522 2077 Φιροθν
545 2020 591 2067 τις
617 1992 693 2063 οἶνοι
718 2000 785 2071 δῆτ’
809 1998 839 2063 ἐν
863 2000 973 2078 οὐροινιῖι
998 1998 1100 2074 tandm

428 2103 480 2167 οὐκ
505 2102 591 2177 εἰσὶν,
616 2104 669 2168 οὐκ
693 2102 750 2169 εἴτ’
774 2103 872 2177 εἴτις
896 2104 1053 2185 οθνθροθτοιν
1077 2102 1157 2169 θέλει

426 2208 471 2283 (ab
494 2209 536 2287 τῷ
562 2210 688 2289 nanas&
713 2218 808 2289 μῶρος
834 2211 873 2275 θιν
896 2212 1029 2292 χρῆοθοοι
1053 2207 1147 2291 λθριρ.

179 2314 275 2383 Cuius
310 2314 355 2379 rei
385 2315 603 2379 testimonium
635 2318 730 2381 datur
756 2316 816 2382 hoc
840 2318 945 2403 quod,
969 2321 1007 2382 ut
1029 2321 1102 2383 utar
1126 2315 1230 2382 verbis
1253 2315 1371 2395 Ennii,

179 2444 265 2487 »non
297 2422 378 2487 bene
400 2422 494 2487 bonis
517 2422 560 2487 sit
582 2423 664 2487 male
689 2424 801 2488 malis”
817 2423 854 2509 ²).
879 2424 961 2489 Oum
984 2427 1092 2488 tamen
1117 2424 1190 2489 talis
1212 2423 1373 2487 sententia

178 2551 241 2594 non
266 2528 329 2593 nisi
351 2528 412 2593 hoc
436 2550 500 2593 uno
524 2528 594 2593 loco
614 2529 741 2612 legatur
761 2529 982 2594 difficillimum
1002 2533 1050 2593 est
1069 2529 1244 2613 dijudicare
1263 2531 1372 2592 utrum

178 2640 290 2718 poetae
313 2634 420 2698 animo
444 2634 616 2699 conveniat
637 2655 746 2699 necne.
772 2633 856 2699 Nam
877 2635 966 2719 siqua
987 2633 1139 2728 dramatis
1158 2654 1294 2717 persona
1313 2634 1371 2697 sti-

178 2740 321 2805 mulante
342 2741 391 2804 ira
415 2741 583 2805 audaciora
606 2742 701 2806 verba
724 2740 841 2804 fundat
864 2740 978 2818 semel,
1002 2740 1093 2824 parvi
1113 2742 1189 2803 sunt
1207 2739 1372 2803 momenti.

179 2844 211 2911 Si
239 2830 324 2911 recte
355 2846 464 2924 video,
496 2850 590 2931 poeta
621 2867 687 2910 non
716 2846 960 2930 improbabilem
984 2846 1107 2909 censuit
1129 2844 1218 2908 illam
1242 2846 1372 2909 senten-

180 2952 257 3015 tiam
282 2952 316 3014 in
339 2952 469 3016 bomine
491 2952 675 3036 praesertim
696 2952 932 3016 calamitatibus
951 2971 1118 3035 oppresso,
1140 2950 1286 3034 quamvis
1303 2949 1372 3034 ipse

181 3062 248 3123 toto
274 3061 402 3142 pectore
425 3058 453 3122 ei
477 3058 625 3122 assentiri
649 3078 715 3121 non
739 3061 870 3142 posset.-

223 3163 264 3228 In
299 3164 456 3252 plerisque
484 3164 577 3227 huius
602 3164 716 3228 aetatis
738 3163 873 3241 fabulis,
899 3164 1078 3247 ubicunque
1102 3164 1292 3246 argumenta
1315 3182 1370 3226 oo-

179 3270 264 3354 piam
300 3268 437 3345 dabant,
468 3269 622 3352 leguntur
652 3270 781 3333 deorum
813 3269 1071 3353 vituperationes.
1096 3267 1264 3352 Euripides
1287 3268 1373 3332 enim

180 3374 335 3459 imprimis
370 3378 411 3438 ad
444 3379 551 3458 partes
586 3375 744 3459 turpiores
780 3375 998 3459 mythologice
1031 3374 1174 3438 animum
1204 3374 1373 3439 attendens

179 3485 331 3565 perpetuo
366 3502 418 3545 eas
450 3481 571 3545 civibus
595 3481 812 3559 monstrabat,
837 3481 927 3564 quasi
950 3501 1069 3565 rogans
1092 3500 1202 3544 annon
1225 3479 1286 3544 boc
1308 3481 1373 3544 tes·

180 3587 314 3651 timonio
338 3590 430 3651 tota
452 3587 564 3671 religio
588 3588 729 3671 vulgaris
753 3586 933 3651 adulterina
956 3590 1039 3651 esset
1059 3587 1233 3664 censenda,
1254 3607 1297 3649 an
1316 3584 1372 3650 decl

179 3692 226 3757 illi
245 3693 381 3777 amplius
403 3693 541 3770 νθριιομοι
559 3714 625 3757 esse
636 3696 777 3777 possent.
790 3691 831 3757 In
842 3691 1069 3757 Andromacha
1079 3692 1214 3757 nuntius
1226 3692 1271 3776 (r.
1287 3692 1370 3756 1161

215 3882 241 3948 l)
258 3883 295 3935 Cf.
313 3882 467 3948 Xenophanis
484 3882 572 3947 placite
589 3898 628 3948 pg.
644 3882 676 3931 94
693 3882 776 3931 reluta.

214 3964 242 4027 2)
260 3980 293 4014 vs.
314 3966 339 4014 ὗε
626 3961 690 4026 φήμ’
708 3960 759 4027 ἐγὼ
777 3962 909 4026 τυραννίδα

431 4045 535 4094 κτείνειν
552 4060 582 4094 τε
600 4044 751 4103 τλεθοτονρ,
768 4044 907 4109 χρημάτων
925 4046 952 4093 τ’
970 4044 1133 4108 ἀποστερεῖν,

429 4126 514 4190 θριοονρ
530 4144 560 4176 το
579 4128 780 4190 παραβαίνοντος
797 4125 920 4190 ἐκπορθεῖν
939 4130 1040 4185 πόλεις·

430 4208 574 4258 καὶτοῦτο
591 4207 695 4270 δρῶντες
713 4212 812 4271 μᾶλλόν
830 4208 879 4258 εἶτ’
897 4208 1041 4271 εθθοοθμονερ

432 4296 481 4351 τθθν
500 4289 668 4353 εὐσεβούντων
685 4290 771 4355 dccxli
789 4291 844 4341 καθ’
862 4290 960 4353 ἡμέραν.

433 4376 519 4431 πόλεις
535 4390 565 4422 τε
583 4374 672 4436 μικρθις
690 4370 745 4423 olda
762 4372 878 4435 τιμοθοοιρ
895 4373 977 4431 θεοὺς,

431 4456 461 4506 at
476 4455 595 4521 μειζόνων
612 4454 717 4505 κλύοντι
735 4453 939 4519 δνττιβιττθροιν

432 4539 532 4601 λθγχιρς
549 4536 642 4600 ἀριθμῷ
661 4538 774 4596 τλεθονορ
790 4534 964 4601 κρατούμενοι.
