3250 5217
754 403 795 467 61

175 608 202 651 c.
230 587 285 673 23)
311 625 353 635 —
381 586 529 671 physicos
560 586 707 651 ferebant
737 590 770 651 et
791 585 1045 665 μετεωρολέσχας
1071 587 1126 671 qui
1148 588 1366 665 vocabantur,

174 691 293 777 quippe
312 694 353 757 ad
368 714 478 758 causas
490 714 597 758 caecas
609 695 642 757 et
653 694 734 757 vires
745 693 894 757 fortuitas
906 696 939 757 et
949 693 1205 777 perturbationes
1217 716 1363 758 necessa·

174 798 238 863 rias
251 821 370 864 numen
382 799 524 864 divinum
537 799 716 884 redigentes
724 795 764 884 1);
774 838 814 848 -
823 799 941 864 similes
952 820 1028 884 ergo
1041 801 1147 885 pueris
1154 800 1210 885 qui
1221 801 1366 866 ludentes

173 926 278 989 pupas
301 927 374 969 suas
394 904 527 970 ridicule
549 908 692 970 tractent
713 908 746 970 et
764 906 847 970 male
868 906 1028 984 mulcant,
1050 909 1085 970 at
1108 907 1172 971 vim
1196 911 1229 972 et
1250 911 1364 972 contu·

174 1012 286 1077 melias
314 1007 460 1076 inferunt
481 1011 519 1076 iis
543 1013 597 1095 qui
621 1017 679 1077 eas'
697 1013 835 1077 adimere
859 1016 1025 1077 conentur.
1056 1011 1177 1088 Quibus
1200 1015 1364 1099 perpensis

172 1118 262 1203 finge
285 1119 345 1183 tibi
366 1118 592 1203 philosophum
615 1118 728 1182 studiis
751 1118 859 1182 omnia
882 1119 1143 1202 posthabentem‚
1169 1120 1282 1204 quiin
1306 1120 1362 1184 illo

172 1224 293 1310 populo
313 1225 450 1289 maxime
464 1246 503 1290 ex
517 1228 606 1309 parte
618 1224 778 1289 inerudito
790 1224 907 1289 librum
919 1227 1041 1307 ederet,
1055 1246 1118 1309 quo
1132 1226 1285 1310 neglectis
1296 1248 1365 1290 om-

173 1330 270 1395 uibus
290 1332 351 1395 diis
370 1352 499 1415 prorsus
519 1352 611 1415 nova,
629 1330 750 1395 civibus
765 1330 921 1407 inaudita,
940 1352 1011 1394 cunr
1033 1321 1140 1395 eorum
1153 1331 1274 1415 pietate
1285 1352 1366 1416 pug-

173 1438 287 1501 nantia
298 1437 441 1515 doceret,
455 1458 513 1501 nec
525 1437 690 1501 miraberis
702 1438 797 1502 talem
809 1437 915 1501 virum
928 1437 1079 1512 ἀσεβείαις
1092 1459 1158 1502 esse
1170 1443 1364 1503 accusatum.

218 1543 304 1608 Nam
334 1544 473 1628 primum
504 1543 678 1608 bbendum
708 1548 757 1607 est
788 1566 860 1607 aum
892 1564 957 1608 nou
983 1543 1116 1607 eruditis
1141 1543 1194 1608 sed
1220 1543 1306 1628 plebi
1330 1545 1365 1610 iu

173 1650 384 1735 suspicionem
408 1650 548 1725 venisse;
572 1654 639 1713 tum
664 1653 878 1726 accusatores,
902 1650 968 1713 sive
992 1649 1053 1721 fuit
1072 1647 1169 1714 Cleon
1192 1650 1257 1714 sive
1276 1650 1365 1714 Thu·

172 1757 318 1842 eydides‚
340 1779 412 1821 cum
428 1754 580 1841 Diopithe
592 1759 753 1821 sacerdote
766 1756 867 1839 magis
878 1756 938 1819 sibi
951 1756 1150 1840 proposuisse
1163 1759 1199 1819 ut
1211 1756 1364 1821 Periclem

172 1868 328 1928 vexarent
358 1866 391 1926 et
420 1861 606 1947 frangerent
636 1861 744 1926 amicis
775 1862 947 1937 accusatis,
980 1882 1075 1945 quam
1108 1864 1145 1924 ut
1175 1862 1365 1947 philosopho

174 1972 329 2035 nocerent
342 1968 378 2055 2).
404 1968 464 2034 Sed
487 1969 585 2052 probe
606 1968 749 2032 sciebant
768 1966 858 2031 nulla
876 1988 910 2031 re
929 1966 1054 2031 facilius
1074 1983 1171 2049 quam
1190 1967 1365 2050 impietatis

174 2076 354 2160 suspicione
376 2075 513 2158 aliquem
536 2074 656 2140 civibus
676 2074 711 2137 in
731 2073 838 2137 odium
860 2073 974 2137 adduci
993 2093 1103 2156 posse;
1123 2074 1156 2136 et
1175 2072 1286 2136 exinde
1305 2072 1366 2137 hoe

173 2183 297 2248 crimen
320 2182 354 2245 in
377 2181 522 2246 civilibus
546 2180 708 2246 discordiis
732 2180 835 2245 evasit
852 2180 1102 2243 instrumentum
1123 2177 1162 2241 ad
1182 2179 1365 2262 opprimen-

174 2292 234 2354 dos
257 2288 452 2353 adversarios
474 2286 734 2352 efficacissimum.

218 2394 299 2460 Noli
327 2400 436 2459 tamen
467 2397 592 2459 credere
614 2415 712 2457 unum
734 2391 834 2468 illud,
857 2391 957 2455 solem
981 2412 1048 2455 esse
1071 2389 1180 2469 μύδρον
1203 2391 1366 2476 δισίπυρον,

174 2505 305 2567 tantum
341 2501 369 2565 ei
403 2500 547 2565 attulisse
578 2500 762 2583 periculum.
796 2498 871 2564 Sine
902 2497 998 2561 dubio
1021 2500 1110 2561 totus
1132 2496 1212 2561 liber
1235 2498 1366 2562 crimine

173 2607 348 2693 impietatis
368 2607 536 2671 tenebatur
550 2608 592 2692 ³),
614 2607 667 2671 sed
687 2604 822 2669 fortasse
843 2604 967 2668 nullum
988 2605 1099 2688 deum,
1121 2625 1214 2687 quem
1230 2605 1365 2688 populus

173 2716 288 2799 utpote
319 2712 496 2777 beneficum
526 2713 746 2788 veneraretur,
771 2711 811 2775 ab
835 2730 872 2775 eo
895 2710 1054 2794 repudiari
1076 2713 1144 2773 tam
1166 2710 1366 2793 perspicuum

175 2823 246 2885 erat
275 2842 370 2904 qoam
403 2820 519 2895 solem,
551 2819 597 2881 ita
626 2822 663 2882 ut
690 2840 729 2882 ex
759 2817 856 2881 variis
890 2815 1100 2881 accusationis
1124 2815 1281 2899 capitibus
1303 2816 1365 2881 hoc

176 2926 358 3010 exemplum
380 2924 632 3009 insignissimum
655 2923 836 3009 posteritati
857 2923 901 2986 sit
923 2922 1087 2986 traditum.

222 3032 319 3098 Hunc
337 3052 412 3115 ergo
433 3033 558 3095 secutus
570 3030 736 3114 Euripides
748 3030 846 3093 solem
857 3029 892 3091 in
904 3027 1105 3091 Phaethonte
1117 3027 1252 3106 χρυσέαν
1263 3026 1364 3105 βῶλον

176 3160 305 3205 vocasse
339 3138 536 3223 perhibetur.
571 3135 630 3211 Qui
661 3134 813 3221 Diogenis
845 3134 934 3199 locus
964 3133 1040 3198 viris
1073 3134 1174 3198 doctis
1198 3134 1298 3198 multa
1317 3134 1367 3198 fa-

176 3246 305 3312 cessivit
332 3245 471 3330 negotia.
497 3243 580 3308 Nom
604 3243 658 3327 qui
680 3243 765 3306 idem
790 3243 901 3306 namet
922 3239 1101 3305 Scholiasta
1122 3239 1158 3302 iu
1181 3238 1274 3304 Pind.
1301 3239 1366 3325 (01.

178 3352 204 3415 Ι.
231 3352 288 3438 97)
319 3372 377 3435 pro
405 3347 607 3414 Phaethonte
638 3349 717 3413 citat
748 3347 844 3411 verba
875 3368 914 3411 ex
938 3344 1048 3409 Oreste
1073 3345 1185 3429 (982),
1209 3345 1249 3408 ad
1273 3367 1367 3429 quem

185 3531 355 3542 ----.—.0

215 3638 242 3702 1)
261 3637 330 3700 Quod
347 3636 404 3683 Eur.
422 3634 472 3699 ipsc
489 3650 535 3683 nou
552 3634 603 3683 siue
620 3633 747 3683 acerbitate
764 3632 906 3697 significavit
923 3630 960 3679 his
979 3631 1078 3679 Medeae
1095 3628 1199 3678 versibus
1217 3630 1303 3695 (295)·:

446 3716 496 3779 χρὴ
515 3715 537 3765 δ’
555 3714 637 3765 οὔποθ’
654 3714 726 3773 ὅστις
742 3714 864 3776 ἀρτίφρων
881 3710 974 3775 πέφυκ’
990 3711 1048 3772 ἀνὴρ

447 3797 540 3857 παῖδας
556 3802 679 3859 περισσῶς
697 3794 885 3845 ἐκδιδάσκεσθαι
903 3792 1010 3855 σοφούς·

447 3881 524 3944 χωρίς
540 3882 589 3944 γδιρ
607 3879 687 3938 tuaac
705 3874 732 3937 »lc
749 3877 855 3941 ’ίχουσιν
872 3876 962 3940 σἰργίας

447 3962 531 4026 φθόνον
548 3964 608 4025 πρδς
625 3962 709 4011 ἀστῶν
727 3959 868 4023 ἀλφοίνσυσι
886 3958 1001 4020 δυσμενῆ.

449 4048 556 4095 σκαιοῖσι
574 4044 619 4105 μὲν
634 4046 684 4108 γαρ
702 4045 774 4092 καινδι
790 4040 931 4105 προσφέρων
948 4042 1015 4102 σοφδι
1062 4056 1066 4063 ·

449 4126 528 4192 δόξεις
543 4126 646 4190 ἀχρεῖος
663 4124 706 4174 acb
720 4126 801 4192 σοφὸς
819 4121 969 4186 πεφυκέναι·

449 4214 498 4258 πῶν
516 4207 538 4257 δ’
555 4204 587 4258 αὖ
604 4206 738 4264 δοκούντων
756 4204 845 4256 είδὲναι
863 4223 890 4254 πι
907 4205 1019 4254 ποικίλον

449 4292 566 4355 κρείσσων
583 4289 705 4352 νομισθείς
724 4289 815 4350 λυπρδς
832 4285 857 4337 ἐν
874 4290 946 4337 πόλει
963 4283 1042 4351 φανεῖ.

217 4381 245 4445 2)
262 4379 299 4429 Ol.
317 4377 383 4427 Plut.
400 4376 426 4426 iu
444 4390 467 4425 v.
485 4375 572 4424 Pericl.
590 4390 610 4426 c.
628 4374 668 4424 32.

218 4464 242 4524 3)
260 4464 368 4511 Socrates
391 4458 456 4507 enim
474 4458 501 4506 iu
518 4458 581 4508 Plat.
599 4456 671 4521 Apol.
690 4471 727 4520 pg.
746 4455 810 4502 261)
828 4453 897 4503 dicits
918 4451 957 4501 ίπι
977 4454 1011 4501 πδι
1030 4454 1198 4519 Ἀναξαγόρου
1216 4453 1373 4515 βιβλία...

184 4541 257 4609 γέμει
274 4540 370 4591 παύσων
388 4544 437 4589 πῶν
455 4540 541 4603 Λόγων.
