3250 5217
777 430 840 495 184

437 614 522 695 δήμῳ
547 614 577 681 δὲ
602 614 682 691 μήτε
710 617 773 678 τοῖν
797 614 969 697 οῦναρτοὶσρς
994 611 1107 692 κράτος

437 722 513 797 μήτ’
538 716 578 787 αὖ
601 724 758 803 κακῦσρρ,
783 726 916 786 πλοῦτον
942 718 1061 798 ἔντιμον
1086 720 1189 804 τιθεὶς,

438 828 509 904 μηδ’
533 826 629 906 ἄνδρα
652 830 737 904 δήμῳ
762 828 870 893 τοστὸκ
893 826 1032 908 ἐκβάλῃς
1057 827 1131 892 τοτὲ

436 933 509 1010 μηδ’
532 930 607 1011 αὖξε
632 938 735 1013 καιροῦ
759 933 882 1013 μεῖζον,
906 937 939 1000 οῦ
962 935 1026 1015 γὰρ
1051 934 1209 1015 ἀσφαλὲς,

437 1042 482 1117 μή
506 1064 551 1106 σοι
574 1040 713 1120 τύραννος
737 1042 881 1120 λαροτρὸο
907 1039 941 1118 ἒξ
964 1043 1060 1106 ἀστοῦ
1085 1047 1184 1122 φανῇ.

437 1146 543 1213 κδλονε
567 1146 593 1213 δ’
619 1145 712 1227 ἄνδρα
737 1149 823 1229 παρὰ
848 1148 931 1223 δίκην
955 1148 1140 1230 τιμώμενον,

437 1252 524 1318 τδλεο
548 1254 611 1332 γαρ
634 1254 839 1335 εὐτυχοῦντες
863 1255 889 1319 οἱ
913 1254 1002 1319 κακοὶ
1029 1254 1111 1327 νόσος
1127 1252 1164 1339 1).

209 1357 285 1424 Non
315 1360 424 1445 igitur¹
444 1361 597 1426 miramur
626 1383 698 1425 eum
728 1361 805 1425 alibi
836 1361 958 1437 dicere,
990 1365 1027 1425 ut
1057 1382 1110 1445 pg.
1145 1362 1208 1426 182
1245 1359 1415 1437 vidimus,-

209 1482 337 1531 omnem
367 1488 455 1551 spem
481 1468 530 1532 vel
555 1470 674 1531 metum
697 1468 732 1531 in
755 1466 866 1553 populi
889 1466 1024 1532 ducibus
1047 1467 1144 1531 situm
1168 1488 1246 1531 esse.
1280 1464 1400 1540 Quanti

209 1574 316 1636 autem
339 1572 457 1638 faceret
481 1574 566 1639 viros
590 1573 705 1638 humili
728 1573 797 1639 loco
821 1576 909 1638 ortos
933 1574 987 1637 sed
1007 1572 1179 1658 prudentia
1197 1576 1229 1635 et
1246 1575 1399 1636 constan-

209 1678 255 1742 tia
277 1679 482 1763 conspicuos,
505 1680 539 1744 id
558 1680 699 1745 ostendit
718 1680 930 1765 descriptione
950 1679 1023 1742 talis
1043 1678 1103 1743 viri
1118 1678 1153 1741 in
1166 1676 1293 1755 Oreste,
1306 1698 1400 1761 quem

209 1786 322 1851 audaci
352 1787 482 1851 rabulae
514 1788 650 1872 opponit
684 1788 908 1871 (917-922):
941 1784 1055 1849 »Alius
1085 1784 1243 1869 quispiam
1267 1804 1400 1867 surgens

209 1893 370 1957 contraria
401 1892 501 1969 dixit3
522 1896 603 1957 erat
625 1894 673 1957 vir
697 1913 764 1955 non
786 1892 913 1976 quidem
937 1890 1096 1956 formosus
1119 1894 1173 1955 sed
1197 1890 1305 1967 fortis,
1328 1910 1412 1953 raro

211 1998 322 2063 urbem
354 1998 521 2083 forumque
554 1999 702 2077 visitans,
733 1998 874 2083 agricola
905 1997 961 2081 qui
988 2019 1046 2061 sua
1076 2020 1173 2087 manu
1198 1996 1316 2060 victum
1341 1994 1402 2059 sibi

212 2105 404 2189 quaerebat,
435 2105 582 2190 quales
613 2104 694 2169 soli
721 2103 834 2168 fines
865 2107 1055 2181 servant,
1086 2105 1243 2187 prudens,
1271 2105 1400 2186 paratus

211 2214 251 2275 ad
284 2211 531 2296 disputandum,
563 2212 687 2295 integer
719 2211 803 2274 vitae
832 2210 1020 2294 scelerisque
1043 2209 1180 2295 purus’';
1204 2208 1299 2273 etiam
1318 2207 1403 2271 eius-

211 2321 282 2382 dem
315 2318 360 2382 rei
390 2318 606 2383 testimonium
640 2321 688 2382 est
719 2338 855 2401 persona
880 2318 1050 2394 αὐτουργοῦ
1074 2316 1108 2380 in
1131 2315 1259 2380 Electra
1282 2314 1400 2379 fabula.

59 2434 62 2438 '
182 2459 185 2465 ·
211 2424 251 2489 In
283 2424 485 2509 Supplicibus
512 2426 605 2511 (947)
630 2425 710 2489 dixit
733 2423 868 2488 mediam
892 2426 1018 2508 partem
1041 2423 1157 2489 civium
1180 2423 1265 2487 inter
1287 2422 1401 2487 divites

209 2536 242 2595 et
264 2532 349 2596 victu
373 2531 572 2617 indigentes,
595 2532 713 2616 quippe
737 2529 960 2595 observantem
983 2530 1122 2594 civitatis
1146 2529 1231 2613 leges
1255 2533 1288 2593 et
1306 2528 1401 2593 insti-

210 2639 296 2719 tute,
321 2636 440 2721 optime
462 2636 692 2722 rempublicam
716 2658 852 2700 servare.

255 2742 419 2827 Optimum
451 2742 550 2827 igitur
581 2742 724 2827 regimen
755 2743 958 2827 popularium
990 2742 1315 2807 moderatissimomm
1341 2763 1400 2827 po-

207 2850 337 2935 pulique
359 2850 530 2935 gubernati
556 2872 574 2914 a
597 2848 851 2933 prudentissimis
876 2849 951 2914 viris
975 2849 1133 2915 censuisse
1155 2849 1297 2927 videtur,
1319 2870 1401 2934 quae

208 2956 315 3021 omnia
345 2958 466 3021 cadunt
496 2956 531 3020 in
560 2978 628 3020 eam
653 2958 808 3034 aetatem,
833 2978 896 3041 qua
920 2956 1058 3021 Pericles
1080 2956 1274 3041 reipublicae
1296 2955 1399 3021 Athe·
1441 3013 1444 3017 .

207 3062 364 3127 niensium
397 3064 549 3146 praeerat.
589 3060 693 3137 Quare
726 3061 807 3125 mihi
842 3083 1027 3147 persuasum
1064 3066 1113 3127 est
1148 3083 1221 3126 eum
1256 3064 1400 3127 omnium

208 3168 345 3233 maxime
363 3168 507 3233 laudasse
527 3167 756 3252 rempublicam
776 3167 928 3247 Periclis,
948 3168 999 3233 cui
1017 3167 1052 3231 in
1071 3167 1213 3232 moribus
1233 3190 1349 3253 magna
1361 3191 1400 3233 ex

207 3256 298 3359 parte
316 3272 429 3339 similis
450 3274 545 3339 fuisse
566 3273 691 3339 videtur
712 3272 765 3360 (cf.
786 3294 841 3359 pg.
862 3275 1226 3360 23),quemquerecens
1239 3278 1400 3340 mortuum

207 3378 401 3464 significasse
420 3378 520 3444 nobili
541 3378 597 3443 illo
618 3378 787 3464 Hippolyti
808 3400 902 3444 versu
914 3379 1031 3465 (1459)
1043 3400 1110 3444 non
1121 3379 1230 3464 inepte
1242 3381 1396 3447 creditur:

377 3474 379 3479 '
432 3480 454 3549 ὦ
478 3484 573 3550 κλείν’
599 3485 729 3561 Ἀθηνῶν
753 3484 920 3559 Παλλάδος
946 3489 971 3549 θ’
997 3485 1172 3567 ὁρίσματα,

433 3586 492 3656 οἵου
516 3589 692 3671 στερήσεσῦ’
718 3590 833 3672 ἀνδρός.

224 3760 226 3763 .
253 3696 334 3762 Tum
371 3716 508 3782 regnum
541 3694 687 3763 Atticum
722 3720 741 3762 a
774 3698 903 3783 regibus
937 3699 1001 3764 illis
1037 3698 1177 3783 antiquis
1212 3698 1332 3765 Theseo
1367 3704 1398 3765 et

207 3801 430 3887 Demophonte
457 3805 655 3868 moderatum
679 3804 726 3889 (in
750 3802 862 3889 Suppl.
886 3807 920 3869 et
943 3806 1103 3891 Heracl.),
1127 3808 1159 3869 et
1181 3805 1222 3869 ob
1246 3806 1399 3890 pietatem

206 3911 373 3994 tantopere
392 3910 556 3974 laudatum
576 3911 707 3975 omnino
728 3911 768 3976 ad
789 3911 968 3996 exemplum
988 3910 1127 3976 civitatis
1146 3910 1303 3977 Pericleae
1321 3934 1397 3977 con-

206 4014 366 4082 formavit.
400 4014 483 4081 Vide
513 4016 607 4081 modo
630 4017 707 4102 quid
730 4016 870 4083 Theseus
893 4018 928 4082 in
952 4016 1154 4103 Supplicibus
1177 4020 1216 4082 de
1240 4040 1297 4082 sua
1321 4020 1397 4084 urbe

203 4112 320 4207 jactet,
341 4122 418 4187 satis
442 4122 576 4187 absurde
596 4143 654 4207 pro
674 4122 761 4188 illius
781 4124 851 4187 aevi
870 4123 1048 4189 rationibus
1061 4124 1139 4202 (404
1151 4126 1249 4209 sqq.):
1263 4124 1397 4189 »civitas

205 4230 315 4292 nostra
338 4249 405 4294 non
429 4228 470 4293 ab
495 4249 560 4293 uno
584 4228 651 4294 viro
675 4232 830 4314 regnetur
848 4233 903 4294 sed
922 4228 1022 4293 libera
1041 4232 1108 4307 est;
1126 4230 1263 4315 populus
1283 4230 1398 4314 regnat

203 4331 318 4398 annuis
338 4334 477 4419 vicibus,
491 4356 557 4400 non
569 4334 720 4401 divitibus
732 4336 907 4421 plurimum
919 4336 1081 4421 tribuens3
1094 4358 1248 4421 pauperes
1260 4358 1396 4421 aequum

238 4570 265 4636 1)
282 4570 318 4620 cr.
336 4570 379 4622 or.
397 4568 538 4623 oso-roa.
