3250 5217
746 424 789 488 53

168 606 252 694 6α)ε
286 606 320 682 ἐξ
350 604 387 671 ὧν
412 610 428 683 ἡ
453 606 571 684 γένεσίς
591 608 673 671 ,ἐστι
697 615 760 697 τοῖς
785 602 867 679 οὖσι,
892 607 945 671 καί
969 608 1024 681 τὴν
1047 606 1161 688 φθορόιν
1184 608 1227 678 είς
1252 612 1358 672 ταῦτα

164 712 308 791 γενέσθαι
334 714 419 778 κατοδ
442 714 477 777 τὸ
501 712 616 795 χρεόν·
641 712 750 778 διδόναι
774 715 838 794 γὰρ
863 714 947 780 αὐτὰ
970 717 1049 779 τίσιν
1074 715 1125 778 καί
1150 716 1235 789 δίκνιν
1255 714 1357 789 citati·

163 834 228 891 λοις
260 829 316 893 τῆς
352 820 473 891 οὲδιιιίας
505 821 591 885 κατὰ
622 823 676 894 τίιν
708 825 762 885 τοῦ
785 820 894 906 χρόνον
918 818 1019 896 τόξιν.
1042 820 1130 885 Idem
1153 819 1240 885 haud
1263 820 1359 884 dubie

164 926 304 991 animam
329 926 445 991 a‘e'riam
469 948 535 990 esse
560 926 691 991 censuit.
720 925 838 991 Scribit
863 927 948 991 euim
971 927 1188 991 Theodoretus
1211 925 1280 1007 (Gr.
1304 926 1357 992 ast.

163 1054 229 1099 our.
263 1032 312 1111 V,
343 1034 395 1109 18,
427 1055 459 1117 p.
486 1034 558 1118 72):
590 1032 792 1111 Ἀναξιμένης
816 1034 868 1097 καί
894 1033 1223 1115 Ἀναξίμανδρος....
1245 1034 1358 1115 οὶεριόδιι

162 1150 217 1213 τῆς
243 1147 351 1220 ψυχῆς
376 1142 430 1214 τίρν
455 1142 549 1220 φύσιν
574 1142 727 1219 εἰρήκασιν
742 1142 785 1227 ¹),
810 1162 891 1225 quae
914 1144 977 1205 duo
1000 1140 1119 1226 placita
1140 1140 1167 1205 si
1187 1139 1359 1225 conjungi-

163 1268 246 1329 mus,
260 1246 483 1330 consequimur
495 1246 572 1310 hoc:
585 1245 720 1311 interitu
732 1246 904 1331 particulas
916 1250 1059 1311 terrenas
1069 1246 1104 1310 in
1117 1250 1235 1311 terram
1247 1245 1358 1320 redire,

163 1352 266 1417 atrias
295 1353 330 1417 in
354 1358 444 1429 adra,
471 1388 510 1401 ·-
537 1353 655 1437 dogma
678 1352 849 1437 Euripidae
874 1352 921 1417 illi
944 1352 1151 1417 simillimum.
1187 1353 1235 1416 At
1256 1351 1359 1415 incer-

162 1461 234 1523 tum
260 1462 309 1523 est
331 1482 373 1523 an
396 1480 505 1523 revera
525 1480 562 1523 ea
582 1459 700 1543 placita
721 1460 913 1543 conjungere
933 1458 1045 1541 liceat3
1066 1456 1276 1542 philosophus
1288 1478 1360 1521 cum

164 1566 202 1630 de
235 1587 342 1630 rerum
373 1565 505 1629 interitu
533 1564 590 1629 illa
621 1566 788 1643 scriberet,
821 1564 955 1629 fortasse
986 1566 1080 1629 etde
1102 1562 1360 1628 materiasolida

162 1676 295 1737 tantum
320 1672 475 1755 cogitavit
498 1675 531 1736 et
557 1671 596 1736 de
620 1672 719 1736 totius
744 1672 830 1736 orbis
853 1675 1010 1736 terrarum
1033 1670 1175 1736 interitu.

209 1778 419 1863 Empedocles
454 1800 580 1863 quoque
613 1778 720 1843 docuit
752 1781 858 1842 ortum
893 1782 926 1842 et
956 1778 1122 1842 interitum
1144 1776 1271 1861 proprie
1295 1796 1361 1841 esse

163 1884 397 1969 particularum
429 1884 663 1949 concretionem
696 1888 728 1948 et
758 1883 1014 1967 dissolutionem,
1047 1904 1155 1947 verum
1180 1904 1242 1967 quo
1266 1881 1360 1944 modo

164 2014 309 2076 quaeque
333 1991 414 2055 fiant
438 2012 505 2055 uon
529 1991 709 2075 explicarit.

208 2097 332 2162 Eodem
355 2097 421 2161 fere
442 2102 539 2162 'sensu
561 2101 767 2181 Anaxagoras
791 2118 917 2182 quoque
941 2097 1067 2162 locutus
1087 2100 1153 2174 est,
1173 2095 1263 2160 cuius
1282 2094 1360 2159 haec

164 2207 293 2269 servata
324 2207 399 2268 sunt
428 2208 492 2287 (ep.
517 2203 627 2288 Simpl.
652 2204 692 2267 ad
717 2203 813 2288 Phys.
837 2203 973 2269 Aristot.
999 2226 1030 2287 p.
1057 2204 1099 2267 24
1111 2204 1160 2282 b):
1185 2206 1220 2266 τὸ
1245 2201 1276 2266 δὲ
1302 2225 1359 2280 γε·

166 2312 270 2377 νέσθαι
291 2312 342 2376 καί
364 2312 561 2376 ἀπόλλυσθαι
582 2313 634 2376 οὐκ
654 2312 740 2390 ὀρθῶς
764 2310 933 2392 νομίζουσιν
953 2312 978 2375 οί
996 2307 1159 2384 Ἕλληνες.
1183 2309 1279 2374 Οὐδὲν
1297 2308 1360 2386 γὰρ

163 2428 277 2501 χρῆμα
309 2418 431 2495 γίνεται
456 2418 522 2483 οὐδὲ
545 2418 744 2500 σίτόλλοται,
770 2419 847 2481 αλλ’
871 2415 930 2482 ἆτ’
956 2416 1062 2481 ἐόντων
1086 2415 1256 2495 χρημάτων
1280 2437 1360 2492 συμ-

164 2526 322 2604 μίσγεταί
354 2548 389 2589 τε
424 2524 476 2589 aul
508 2525 692 2604 διακρίνεται
726 2522 778 2589 καί
809 2522 901 2595 οὕτως
935 2522 973 2589 θον
1005 2524 1091 2601 όρθιῖις
1120 2529 1242 2587 καλοῖεν
1266 2520 1302 2586 τό
1325 2544 1360 2585 τε

166 2633 307 2710 γίνεσθαι
342 2632 573 2708 συμμίσγεσθαι
607 2630 658 2695 καί
687 2629 721 2694 τὸ
746 2630 941 2695 ἀπόλλυσθαι
967 2629 1178 2707 διακρίνεσθαι.
1210 2627 1251 2692 Ιιι
1274 2625 1360 2691 Plau„

165 2736 251 2802 Phil.
274 2736 300 2815 Ι,
322 2738 382 2802 30:
402 2734 619 2817 Ἀναξαγόρας
642 2737 748 2813 ὅμοίως
770 2737 823 2812 τίρν
845 2736 941 2815 φύσιν
961 2736 1118 2814 σύγκρισιν
1131 2732 1183 2799 καί
1196 2733 1360 2813 διάκρισιν,

165 2847 252 2909 τοῦτ’
272 2844 337 2907 ἐστι
357 2842 475 2921 γένεσιν
499 2843 550 2907 καί
565 2842 689 2925 φθοροίν,
706 2880 742 2890 -
760 2864 842 2926 quae
854 2842 1069 2926 compluribus
1080 2841 1158 2906 locis
1170 2840 1361 2906 confirman-

165 2954 218 3014 tur
231 2948 270 3034 ²).
291 2948 378 3014 Haec
398 2949 524 3033 quidem
545 2949 674 3033 optime.
685 2948 888 3013 consentiunt
907 2970 979 3013 cum
992 2947 1171 3032 Euripideis
1182 2946 1231 3010 bis
1244 2946 1361 3021 θνήσκει

166 3056 191 3121 δ’
212 3058 295 3122 οὐδὲν
321 3064 379 3121 τῶν
402 3057 608 3133 γιγνομένων,
634 3055 855 3133 διακρινόμενον
879 3056 904 3119 δ’
930 3052 1011 3119 ἄλλο
1031 3057 1102 3136 τρίς
1123 3055 1222 3119 ἄλλον
1241 3056 1361 3134 μορΦίιν

166 3164 270 3244 ἑτέραν
296 3161 465 3239 ἐπέδειξεν,
492 3162 547 3227 sed
571 3162 692 3227 nullam
715 3162 1005 3246 invenimusapud
1029 3160 1265 3226 Clazomenium
1287 3182 1361 3225 sen·

166 3270 300 3360 tentiam
335 3290 417 3353 quae
447 3268 577 3352 reliquis
609 3268 721 3334 similis
752 3268 813 3347 sit,
837 3267 946 3332 omnia
969 3289 1011 3334 sc.
1036 3268 1071 3331 in
1094 3288 1131 3331 ea
1153 3267 1255 3332 redire
1277 3269 1361 3331 unde

165 3378 237 3439 orta
261 3376 327 3440 sint
340 3377 373 3453 3).
601 3361 603 3366 ’

212 3481 388 3545 Incidimus
418 3483 524 3545 autem
554 3479 589 3544 iu
621 3481 839 3566 quaestionem
867 3482 909 3545 ad
943 3501 1039 3563 quam
1062 3501 1128 3544 rem
1151 3479 1212 3544 hoc
1235 3480 1362 3564 proprie

167 3587 343 3673 pertineat:
368 3587 410 3651 τοὶ
434 3588 459 3651 δ’
473 3588 529 3650 τότ’
553 3588 680 3667 αίθερίοο
703 3585 889 3665 βλαστόντα
911 3595 1021 3665 γονῆς,
1042 3586 1128 3671 quod
1146 3586 1181 3649 in
1200 3585 1362 3671 Euripidis

201 3827 229 3891 1)
247 3824 325 3874 Zeller
347 3826 360 3873 I
381 3842 418 3890 pg.
438 3826 501 3876 2102
521 3826 580 3875 ,Die
598 3826 664 3877 Seele
681 3827 727 3875 soll
745 3842 772 3877 er
789 3828 830 3876 fiir
848 3827 960 3891 luflartig
976 3825 1087 3891 gehulteu
1103 3825 1180 3876 haben
1198 3826 1246 3876 und
1261 3826 1305 3875 nir
1320 3827 1362 3876 ha·

166 3907 210 3957 ben
226 3909 312 3958 keinen
330 3910 414 3957 Grund
431 3910 492 3959 dieue
511 3910 741 3960 unwahrsoheinlich
758 3926 787 3960 nu
803 3908 908 3959 findeu.”
925 3910 993 3958 Idem
1011 3908 1115 3957 Brundis
1132 3910 1145 3957 I
1162 3925 1201 3973 pg.
1221 3910 1277 3958 lou.

190 3991 227 4056 ,2)
245 3991 329 4055 Simpl.
344 3991 369 4039 iu
384 3992 483 4041 Aristct.
499 3992 565 4056 phys.
581 4009 620 4057 pg.
638 3994 683 4048 ob,
698 3993 799 4043 Aristeu.
815 3994 844 4041 de
854 3992 920 4041 coelo
928 4008 967 4057 pg.
977 3993 1010 4041 46
1018 4009 1041 4051 a,
1050 3990 1116 4041 Plrc.
1126 3992 1186 4057 phil.
1196 3992 1216 4050 1,
1228 3994 1250 4041 3.
1268 3994 1362 4053 1v,29.

200 4074 228 4138 3)
245 4073 322 4121 Zaller
348 4074 371 4134 (I
396 4089 434 4137 pg.
458 4072 506 4125 907
530 4079 610 4123 annot.
631 4076 656 4134 1)
674 4075 750 4124 relato
768 4075 863 4124 Irenaei
879 4075 1031 4133 testimonio,
1049 4091 1097 4139 quo
1115 4077 1268 4138 Anaxagoras
1285 4076 1363 4126 femur

168 4154 273 4203 docuisse
290 4154 402 4203 animalia
420 4156 481 4205 lacta
499 4172 548 4205 esse
565 4156 726 4206 decidentibus
740 4173 753 4205 e
767 4157 833 4206 coelo
847 4158 872 4206 in
886 4160 977 4207 terram
991 4156 1131 4216 seminibus,
1147 4156 1256 4220 subjicit:
1268 4158 1364 4207 ‚Dabar

168 4236 250 4303 uunp.
274 4238 398 4303 Chrysipp.
414 4238 444 4287 ir.
463 4240 477 4287 6
492 4237 547 4303 (7)ι
563 4240 600 4288 die
615 4240 681 4289 Seele
696 4244 796 4289 stamme
811 4256 854 4289 aus
868 4240 1040 4289 aetherischem
1054 4242 1139 4289 Samen
1152 4241 1201 4290 und
1215 4240 1289 4289 kehre
1302 4239 1363 4289 uach

169 4320 222 4371 dem
240 4322 289 4370 Tod
306 4322 330 4371 in
349 4322 394 4369 deu
412 4322 501 4371 Aether
519 4323 621 4383 zurdck,
640 4323 683 4372 wie
697 4324 739 4372 der
753 4322 811 4372 Leib
825 4325 851 4373 iu
866 4324 904 4373 die
918 4324 981 4372 Erde
998 4340 1040 4373 aus
1056 4324 1138 4373 deror
1154 4321 1278 4373 strrnmr’'.
1296 4323 1364 4373 Haec

169 4403 300 4463 conclusio,
322 4420 382 4469 quae
405 4404 452 4453 uiti
471 4406 566 4455 ridetur
582 4405 746 4455 observatione
763 4422 802 4471 pg.
821 4407 854 4454 48
871 4406 896 4454 in
914 4410 995 4455 annot.
1012 4406 1097 4465 citata,
1115 4406 1199 4472 procul
1216 4405 1288 4456 dubio
1304 4406 1364 4455 falso

170 4488 212 4535 at.
237 4488 283 4535 Res
309 4486 373 4552 ipsa,
392 4486 536 4549 mejudice,
555 4489 623 4537 docet
640 4489 668 4537 de
694 4488 882 4553 corporibus
910 4488 1049 4538 animalium
1065 4489 1108 4539 illa
1124 4490 1189 4539 dictu
1206 4504 1254 4538 esse
1270 4503 1319 4537 nou
1334 4489 1364 4537 de

174 4582 294 4618 animis.
