3250 5217
754 412 797 476 25

182 618 210 660 v.
236 592 390 659 Leeuwen
424 593 549 678 copiose
581 594 759 679 disputavit
772 594 796 680 ¹)
820 589 888 659 eius
909 596 1074 679 ingenium
1099 596 1238 681 tragicae
1261 619 1373 663 scenae

181 723 246 766 non
281 701 484 786 convenisse,
518 723 652 785 eumque
685 702 712 766 si
742 724 814 767 vere
838 702 949 767 fuisset
971 705 1066 787 poeta
1088 723 1242 787 magnus,
1267 705 1372 788 quisi

180 808 331 873 tritavia
355 827 421 871 non
446 806 580 871 sufficiat
602 808 637 871 in
663 830 747 873 nova
769 808 885 873 itinera
909 812 1113 893 prorumpat,
1138 831 1238 875 novae
1250 830 1372 874 comoe-

181 915 249 979 diae
271 912 415 979 futurum
438 912 534 978 fuisse
558 917 729 980 auctorem.

225 1020 303 1087 Jure
326 1020 454 1084 missam
475 1019 551 1084 facit
571 1020 719 1085 fabellam
744 1045 808 1106 qua
829 1021 998 1107 Euripides
1016 1021 1116 1086 fertur
1138 1021 1372 1106 philosophiam

181 1126 428 1211 Anaxagoream
462 1126 614 1211 populum
652 1128 690 1192 de
727 1149 821 1192 scena
857 1130 968 1193 dooere
1002 1128 1137 1191 voluisse
1150 1126 1186 1203 2).
1221 1125 1374 1191 Similiter

181 1233 352 1317 rejicienda
375 1237 423 1297 est
446 1233 606 1297 sententia
630 1234 817 1298 testantium
842 1256 914 1300 eum
937 1236 975 1297 nt
997 1232 1114 1299 civium
1139 1253 1244 1297 mores
1265 1254 1373 1297 emen-

182 1340 272 1404 daret
305 1341 346 1402 ad
369 1360 495 1403 scenam
520 1339 674 1423 tragicam
699 1340 876 1407 accessisse.
902 1340 988 1405 Num
1012 1339 1175 1403 doleamus
1198 1341 1284 1422 quod
1306 1360 1373 1401 non

181 1445 270 1511 velut
301 1446 394 1510 Plato
418 1449 492 1530 post
515 1446 635 1530 primos
658 1450 792 1511 conatus
817 1447 928 1529 relicta
951 1446 1037 1531 poesi
1060 1449 1163 1510 totum
1188 1467 1221 1510 se
1242 1446 1277 1509 in
1300 1445 1373 1529 phi-

180 1552 345 1636 losophiae
375 1552 516 1615 studium
548 1550 700 1617 tradidit?
734 1553 877 1618 Minime.
918 1553 1050 1617 Videtur
1080 1552 1165 1616 enim
1190 1574 1227 1615 aa
1250 1551 1374 1635 ingenii

182 1657 363 1723 constantia
379 1660 412 1721 et
434 1656 612 1721 subtilitate
635 1658 781 1735 carnisse,
805 1679 887 1742 quae
909 1658 1019 1724 omnia
1044 1658 1083 1721 ad
1107 1662 1210 1723 certas
1234 1661 1266 1721 et
1289 1657 1375 1721 inter

182 1786 216 1829 se
239 1764 428 1848 conjunctas
450 1762 536 1847 leges
560 1764 695 1847 redigat.

228 1871 329 1955 Atqui
359 1869 441 1934 nibil
473 1870 654 1933 mirandum
687 1873 734 1934 est
765 1871 950 1955 pracsertim
974 1873 1130 1955 tragicam
1155 1870 1279 1936 Musam
1303 1891 1374 1934 eum

183 1977 335 2059 coluisse,
357 1976 475 2060 quippe
491 1975 547 2060 qui
558 1980 674 2040 natura
685 1976 880 2060 ingenioque
894 1978 940 2041 ita
951 1981 1034 2042 esset
1045 1978 1221 2041 instructus
1234 1980 1269 2041 ut
1281 1998 1375 2040 nemo

183 2082 307 2147 acutius
330 2082 524 2166 perspiceret
546 2082 630 2145 vitae
653 2083 856 2167 asperitatem
881 2085 1054 2167 duramque
1075 2083 1197 2167 legem:
1219 2104 1259 2146 ne
1279 2082 1376 2147 fortes

183 2188 312 2272 quidem
332 2187 518 2271 scelerisque
538 2209 635 2272 puros
655 2188 773 2252 virtute
785 2210 843 2252 sua
854 2211 873 2251 a
884 2188 1033 2254 fortunae
1045 2188 1169 2253 cambus
1181 2187 1318 2263 defendi,
1336 2224 1369 2234 -

183 2316 265 2378 quae
292 2295 330 2358 in
350 2314 444 2357 scena
467 2298 704 2378 repraesentata
727 2316 799 2359 cum
823 2295 960 2359 maxime
973 2298 1102 2359 movent
1114 2291 1214 2370 tason
1232 2330 1269 2341 —
1285 2315 1374 2371 enm,

183 2422 247 2485 quo
286 2422 380 2465 nemo
416 2400 528 2477 melius
562 2399 776 2485 intelligeret,
811 2402 1016 2485 gravissimas
1051 2401 1247 2465 calamitates
1281 2420 1376 2483 saepe

182 2507 350 2571 imminere
373 2506 641 2590 necopinantibus
664 2509 697 2570 et
719 2507 800 2571 laete
824 2506 1022 2583 viventibus,
1049 2528 1142 2571 nemo
1166 2506 1271 2591 aptior
1293 2509 1376 2569 esset

183 2613 224 2678 ad
247 2616 548 2697 repraesentandam
569 2614 669 2676 animi
689 2613 967 2698 perturbationum
986 2613 1052 2676 vim
1074 2611 1246 2677 terribilem
1259 2614 1375 2696 etper·

184 2719 353 2796 niciosam;
379 2740 459 2803 quae
478 2720 586 2783 omnia
598 2719 811 2803 spectantium
825 2719 940 2783 animis
953 2718 1264 2782 vehementissimum
1276 2717 1376 2798 Φόβον

156 2826 328 2890 incutere
358 2825 462 2890 solent
494 2825 644 2910 (Aristot.
678 2826 767 2889 Poet.
793 2847 821 2890 c.
849 2827 890 2890 13
914 2848 946 2910 p.
974 2825 1105 2915 1453a).
1141 2824 1281 2910 Ideoque
1305 2845 1376 2888 eum

183 2930 374 2997 Aristotcles
393 2932 536 2997 omnium
554 2935 721 3017 poetarum
744 2935 1059 3012 sperauerant
1082 2931 1264 3017 appellavit.
1277 2930 1376 2997 Juve-

184 3037 235 3101 nis
253 3036 407 3102 facultate
426 3036 550 3122 poetica
569 3041 719 3116 ornatus,
737 3038 826 3103 cuius
838 3038 965 3101 animus
977 3036 1178 3102 vehementer
1189 3037 1377 3101 movebatur

184 3165 291 3208 rerum
317 3143 473 3208 laetarum
497 3149 529 3208 et
553 3144 691 3208 tristium
714 3145 750 3208 in
772 3144 841 3209 vita
863 3144 1031 3228 repentina
1054 3143 1289 3225 vicissitudine;
1321 3143 1378 3226 qui

185 3251 316 3335 insuper
350 3250 397 3313 ita
431 3253 574 3315 moratus
610 3253 678 3314 erat
709 3255 761 3325 ut,
794 3272 893 3334 quum
922 3249 963 3313 ab
994 3249 1161 3314 hominum
1194 3248 1377 3313 celebritate

186 3356 387 3434 abhorreret,
420 3357 448 3419 ei
478 3360 586 3420 tamen
621 3356 767 3442 (proinde
798 3378 836 3420 ac
867 3359 961 3440 poeta
984 3358 1110 3420 nostras
1134 3355 1173 3418 de
1196 3377 1229 3419 se
1253 3354 1377 3439 praedi·

186 3465 282 3543 cavit)
306 3483 543 3547 »quaecumque
562 3462 628 3527 imo
647 3467 775 3548 pectore
793 3462 932 3527 laterent
950 3484 968 3527 o
987 3461 1131 3526 faucibus
1142 3459 1377 3546 erumperent‚''

185 3569 213 3632 is
244 3569 298 3633 rix
328 3568 397 3633 fieri
432 3572 558 3653 poterat
580 3572 658 3653 quin
683 3570 724 3633 ad
749 3568 929 3653 tragoedias
956 3568 1138 3633 scribendas
1162 3567 1376 3641 incumberet,

186 3697 245 3740 neo
277 3675 357 3739 milri
382 3697 461 3758 opus
485 3697 551 3740 esse
575 3676 700 3739 videtur
722 3678 760 3739 ut
782 3676 911 3739 aliunde
935 3678 1097 3759 quandam
1117 3674 1211 3739 huius
1234 3674 1280 3737 rei
1302 3695 1378 3738 oan-

186 3803 254 3846 sam
278 3781 478 3865 indagemus.

234 3888 264 3950 A
298 3887 410 3970 primis
441 3887 518 3951 artis
549 3886 689 3971 tragicae
719 3887 821 3951 initiis
856 3887 960 3972 mythi
994 3888 1117 3971 antiqui
1152 3888 1379 3972 amplissimam

187 3992 400 4075 praebuerant
423 3992 604 4069 materiem,
630 4015 733 4077 neque
758 3993 824 4058 ulla
847 3996 917 4057 erat
939 4014 1034 4057 causa
1056 4014 1112 4056 cur
1135 4014 1201 4057 non
1213 3991 1381 4077 Euripides

187 4118 313 4183 quoque
346 4119 418 4176 eos,
451 4099 485 4163 in
515 4099 631 4183 quibus
655 4122 765 4165 omnes
788 4100 985 4165 calamitates
1008 4099 1202 4184 affectusque
1225 4100 1382 4163 humanos

189 4204 305 4269 eximio
340 4205 435 4269 modo
470 4205 676 4270 adumbratos
709 4209 868 4291 cerneret,
900 4206 936 4270 in
965 4228 1055 4270 suam
1083 4227 1150 4270 rem
1173 4210 1340 4271 convertor
1357 4208 1381 4269 t.

224 4459 252 4523 1)
270 4460 300 4508 ln
318 4458 483 4508 amantiora
500 4458 609 4508 literaria
625 4459 653 4507 de
670 4458 844 4524 Aristophane,
863 4458 984 4523 Euripidis
999 4474 1096 4508 censore
1112 4474 1132 4510 c.
1150 4459 1179 4507 ΙΙ
1197 4462 1208 4521 t
1223 4460 1238 4507 8
1255 4461 1280 4507 ct
1295 4459 1320 4507 4.

222 4541 248 4603 2)
265 4540 349 4591 Suidas
365 4540 391 4591 in
408 4540 458 4591 vita
474 4541 532 4592 Eur.
