3250 5217
831 398 872 465 58

257 582 372 659 bilem,
404 603 602 648 communem
638 583 739 649 totius
763 583 883 649 mundi.
908 582 1034 647 Exinde
1056 583 1172 647 collata
1195 582 1257 647 foci
1279 581 1447 645 divinitate

256 709 425 772 personam
447 711 627 774 nomenque
648 689 766 755 Vestae
785 690 820 754 in
841 712 909 755 eam
927 690 1161 754 transtulerunt
1180 687 1232 773 (cf.
1254 688 1340 753 Plut.
1358 686 1446 752 locus

258 817 354 880 supra
385 795 524 882 allatus).
556 795 608 862 Sic
642 818 678 885 eo
702 796 894 881 ineptiarum
918 800 1105 881 perventum
1129 798 1177 860 est
1200 796 1237 858 ut
1257 796 1366 859 eadem
1389 793 1447 857 ha·

257 901 385 966 beretur
416 905 448 967 et
479 903 622 967 omnium
657 925 763 968 rerum
788 902 1065 987 animantiumque
1096 905 1227 966 mater
1260 902 1293 964 et
1325 900 1446 984 virgo

259 1010 405 1073 aeterna:
426 1007 477 1071 sal
499 1015 580 1086 aava
600 1014 714 1088 μῆτερ,
736 1009 865 1074 Ἐστίοον
887 1007 918 1073 δέ
938 1006 968 1072 τ’
982 1008 1007 1073 oi
1020 1007 1107 1087 σοφοί
1119 1007 1234 1085 βροτῶν
1246 1010 1393 1080 καλοῦσιν,
1405 1006 1445 1083 ¹)!

304 1113 423 1178 Verum
459 1114 621 1179 videamus
653 1115 708 1200 qui
740 1118 870 1180 taudem
899 1114 1020 1179 fuerint
1048 1113 1108 1178 viri
1136 1113 1185 1177 illi
1216 1112 1383 1197 sapientes.
1405 1110 1444 1175 Iu

257 1218 366 1284 lihello
390 1220 428 1284 de
452 1220 559 1285 anima
583 1221 712 1300 mundi,
736 1225 821 1306 quod
845 1221 967 1286 Timaei
989 1220 1082 1285 Locri
1106 1220 1235 1284 nomine
1256 1219 1374 1296 fertur,
1399 1221 1446 1294 νῖν

257 1329 389 1389 vocatur
412 1325 501 1390 ἐστίν
525 1330 595 1391 θεῶν
621 1328 689 1412 (pg.
715 1328 757 1392 97
771 1326 815 1413 D)
841 1331 1056 1411 congruenter
1073 1326 1113 1391 iis
1132 1349 1214 1411 quae
1232 1326 1447 1411 supradispu-

258 1432 334 1498 tavi.
368 1431 515 1497 Timaeus
546 1433 609 1497 fuit
640 1433 848 1519 philosophus
879 1433 1116 1518 Pythagoreus;
1148 1435 1202 1498 sed
1232 1432 1358 1498 libellus
1388 1433 1448 1497 iste

260 1538 386 1602 videtur
406 1538 534 1603 nonnisi
555 1539 716 1605 Platonici
733 1539 854 1604 Timaei
865 1561 932 1604 esse
944 1540 1090 1623 epitome.
1103 1539 1142 1604 In
1154 1560 1191 1605 eo
1204 1561 1281 1604 sane
1293 1539 1375 1603 libro
1386 1538 1448 1604 ista

260 1644 357 1708 verba
387 1666 454 1708 uon
486 1645 656 1730 leguntur,
690 1647 743 1711 sed
768 1646 923 1730 epitomes
947 1647 1082 1731 scriptor
1105 1668 1142 1711 ea
1165 1645 1334 1711 manifesto
1357 1667 1447 1710 usur·

259 1751 367 1835 pavit,
405 1752 489 1835 quod
526 1753 619 1818 Plato
657 1755 758 1818 terrae
795 1754 932 1818 medium
965 1753 1075 1817 muudi
1107 1752 1212 1817 locum
1233 1752 1450 1837 assignaverat

261 1858 349 1942 (nam
385 1858 525 1943 excerpti
555 1880 610 1944 pg.
647 1859 731 1924 avb
756 1860 907 1945 congruit
929 1881 1000 1924 cum
1024 1858 1169 1924 Platonis
1191 1879 1246 1943 pg.
1271 1859 1337 1944 lo).
1362 1857 1447 1923 (lou-

261 1966 326 2028 stat
354 1964 523 2030 Platonem
547 1966 581 2030 iu
605 1966 807 2051 philosophia
831 1966 971 2031 naturali
992 1966 1129 2031 multum
1152 1988 1169 2030 e
1193 1965 1361 2050 disciplina
1383 1965 1448 2050 Py·

262 2070 428 2154 thagorica
450 2072 669 2156 desumpsisse.
694 2073 805 2137 Potest
829 2072 929 2157 igitur
951 2072 1020 2136 fieri
1043 2077 1079 2136 ut
1102 2076 1212 2136 auctor
1234 2072 1326 2136 istius
1349 2069 1449 2135 libelli

262 2177 403 2241 indidem
428 2200 517 2242 suam
542 2182 645 2243 terrae
668 2179 915 2263 appellationem
939 2178 1098 2263 petiverit.

308 2283 412 2348 Probe
443 2285 544 2349 sentio
575 2307 670 2369 quam
704 2286 783 2349 levis
813 2286 856 2350 sit
885 2284 963 2349 ha'ec
987 2285 1142 2369 suspicio;
1166 2285 1220 2349 sed
1245 2284 1350 2349 nescio
1373 2285 1451 2369 quid

264 2410 314 2452 me
336 2389 474 2473 impellit
496 2394 532 2454 ut
557 2390 623 2454 eius
647 2390 871 2475 appellationis
890 2391 1110 2455 auctoritatem
1132 2390 1341 2475 Pythagoreis
1353 2392 1451 2455 aseri·

264 2494 354 2571 bam;
387 2495 520 2560 fortasse
543 2497 604 2561 hoc
627 2498 711 2582 quod
735 2497 876 2582 mythice
901 2496 1039 2581 physicis
1063 2498 1211 2581 copulata
1235 2495 1379 2581 exhibet3
1401 2497 1452 2561 vel

262 2602 346 2686 quod
378 2601 555 2667 theoerasia
585 2626 605 2668 a
635 2602 797 2687 theologia
819 2602 974 2687 Orphica,
995 2624 1076 2688 quae
1098 2604 1139 2668 iis
1161 2624 1227 2668 non
1248 2626 1351 2689 pauca
1372 2626 1448 2688 sup·

260 2707 417 2791 peditasse
438 2708 579 2788 videtur,
601 2709 743 2793 prolecto
763 2729 829 2773 uou
851 2709 955 2773 aliena
974 2712 1023 2773 est
1043 2711 1085 2793 (v.
1098 2709 1183 2773 infra
1194 2709 1229 2773 iu
1242 2709 1337 2774 Parte
1349 2709 1399 2774 ΠΙ
1411 2709 1449 2787 Β,

262 2814 300 2878 de
334 2814 534 2901 theocrasia).
567 2815 699 2880 Accedit
729 2817 814 2901 quod
839 2815 1112 2900 Pythagoreorum
1136 2817 1310 2881 nonnullos
1332 2821 1450 2881 terram

265 2920 369 2985 ἓστίσν
405 2943 531 2986 vocasse
566 2922 721 2988 traditum
756 2925 821 3001 est;
854 2926 888 2986 at
918 2922 1093 3006 ambigitur
1124 2925 1231 2987 utrum
1262 2923 1450 3007 posteriores

263 3030 391 3092 tantum
417 3050 459 3091 an
482 3027 577 3092 etiam
600 3029 731 3113 priores.

308 3134 441 3200 Proclus
463 3135 511 3221 (in
531 3135 653 3203 Euclid.
673 3135 774 3202 Elem.
796 3157 851 3221 pg.
873 3137 928 3222 48)
953 3136 992 3199 de
1014 3136 1053 3200 iis
1076 3135 1210 3221 loquens
1229 3137 1292 3202 ait:
1313 3131 1367 3203 sal
1386 3137 1450 3216 γὰρ

261 3241 390 3306 Ἑστίαν
415 3247 543 3307 καλοῦσι
569 3250 624 3317 τῆν
648 3251 708 3320 γῆν
732 3267 822 3315 τινες.
847 3242 1029 3327 Simplicius
1052 3242 1218 3327 disputans
1242 3243 1296 3327 (ad
1319 3243 1449 3310 Aristot.

262 3351 302 3412 de
338 3347 434 3413 Coelo
464 3347 506 3433 II,
535 3350 589 3431 13)
620 3349 658 3413 de
688 3349 764 3433 igne
787 3348 921 3414 centrali
944 3348 1041 3433 vulgo
1062 3352 1179 3432 Ἑστίᾳ
1203 3351 1334 3433 vocato,
1357 3372 1450 3435 quem

269 3454 434 3519 Philolaus
448 3456 568 3539 ¹procul
591 3478 609 3519 a
633 3459 719 3521 terra
742 3456 777 3519 in
800 3456 904 3521 medio
928 3458 1049 3521 mundo
1071 3455 1281 3522 collocaverat
1300 3457 1344 3542 (τ.
1362 3457 1450 3551 Plac.

265 3618 456 3629 -———-—

298 3713 326 3776 1)
345 3712 414 3762 Dion.
438 3710 497 3760 Hal.
522 3711 555 3759 II.
581 3711 612 3759 66
636 3726 706 3774 agens
731 3711 760 3759 de
777 3710 845 3760 cultu
863 3712 948 3759 Vestae
965 3712 1027 3776 apud
1044 3710 1163 3760 Romnum
1179 3713 1282 3759 affirmat
1298 3726 1338 3759 eos
1354 3712 1380 3759 iu
1397 3727 1451 3760 con·

263 3794 367 3845 trariam
387 3796 481 3859 perlem
505 3793 652 3858 disputantes
675 3793 730 3841 deae
753 3793 833 3857 iguem
864 3808 957 3843 sacrum
987 3792 1123 3842 existimare
1139 3792 1196 3857 quis
1211 3796 1277 3841 terra
1293 3793 1390 3857 proprie
1405 3793 1450 3842 sit:

265 3875 372 3942 ,Ἑστίᾳ
399 3873 422 3924 δ’
447 3873 589 3924 ἀντικεῖσθαι
614 3876 644 3924 τὸ
670 3878 717 3937 πῦρ
742 3874 887 3939 νομίζουσιν
910 3873 949 3923 ὅτι
972 3877 1006 3938 γῆ
1029 3891 1059 3923 το
1076 3869 1170 3929 σίσαῆ
1187 3873 1239 3932 θεὸς
1256 3874 1358 3924 καὶτὸν
1376 3872 1452 3937 μέσον

266 3957 417 4022 κατέχοντα
439 3961 486 4006 τον·
504 3959 599 4019 κόσμον
617 3959 692 4007 τόπον
710 3958 759 4015 τὰς
776 3956 881 4016 ἀνάψεις
897 3959 944 4006 τοῦ
962 3956 1098 4018 μεταρσίου
1116 3958 1223 4005 ποιεῖται
1241 3957 1315 4018 τορὸς
1332 3955 1377 4019 ἀφ’
1395 3954 1453 4005 ἑαν-

194 4054 199 4067 ’
266 4040 336 4100 ruffi.
361 4043 429 4107 Quae
451 4044 592 4103 argumenta
614 4040 677 4089 haud
694 4040 763 4089 dubie
780 4040 856 4105 petita
872 4043 928 4088 suut
945 4055 958 4087 a
976 4038 1101 4104 disciplina
1117 4039 1323 4103 Pythagoreorum
1339 4039 1454 4104 posterio-

264 4141 332 4182 rum,
347 4125 389 4189 qui
404 4124 484 4188 iguem
501 4121 644 4179 cantralcm,
664 4122 725 4171 uude
742 4122 818 4170 solet
835 4123 899 4170 astra
916 4121 993 4172 lucem
1010 4121 1155 4186 acciperent,
1173 4121 1199 4169 iu
1216 4121 1293 4170 media
1306 4120 1454 4170 tsrrscollo·

263 4210 374 4257 caverant
391 4206 452 4271 (vid.
470 4204 547 4254 Zeller
563 4220 602 4269 pg.
622 4204 774 4265 asa-894).
793 4204 894 4254 Ovidius
909 4204 973 4253 Fast.
991 4204 1028 4252 VI
1045 4201 1094 4254 267
1110 4202 1194 4254 habet:

482 4288 569 4336 uVesta
587 4287 668 4334 eadem
686 4302 746 4350 quse
762 4288 836 4335 terra.
854 4284 938 4336 Subest
954 4286 1012 4350 vigil
1029 4285 1092 4350 iguis
1107 4282 1227 4349 utrique’',

264 4387 335 4437 quam
360 4369 542 4436 explicationem
562 4371 656 4434 poetam
673 4368 779 4433 suspicor
796 4368 825 4416 do
841 4384 884 4417 suo
900 4367 1068 4433 potiusquam
1086 4366 1115 4416 ab
1131 4367 1185 4417 aliis
1201 4366 1357 4418 veterioribus
1373 4382 1454 4433 scoep-

264 4458 314 4504 tam
337 4452 473 4518 protulisse.
499 4453 626 4516 Nusquam
644 4453 738 4500 exstant
754 4450 891 4501 testimonia
910 4452 1004 4500 Vestam
1022 4449 1193 4514 antiquissimis
1209 4449 1355 4514 temporibus
1371 4450 1453 4499 eodem

265 4536 334 4586 modo
351 4551 398 4599 quo
416 4535 581 4599 Hephaestum
597 4533 648 4598 igui
664 4534 820 4583 subterraneo
836 4532 874 4582 vel
890 4533 1000 4582 universo
1016 4533 1067 4597 igni
1083 4532 1219 4597 praefuisse.
