3250 5217
829 393 870 457 18

250 575 344 639 modo
364 577 440 639 ante
459 574 589 639 Medeae
608 574 836 659 tetralogiam‘?
855 574 926 660 Ego
946 598 1012 641 non
1029 579 1121 643 credo
1134 577 1195 642 hoc
1207 578 1442 661 imprudentius

201 733 205 741 .
251 686 284 747 et
305 682 570 747 inconsideratius
590 682 678 767 poni.
698 682 779 747 Mihi
800 705 868 747 non
888 683 1057 748 verisimile
1075 684 1218 763 uidetur,
1236 686 1265 750 si
1276 684 1444 770 Euripides

248 789 317 874 jam
351 794 445 855 antea
474 790 685 873 improbasset
715 792 846 854 deorum
877 790 1080 875 popularium
1100 813 1202 857 mores
1226 795 1259 856 et
1283 793 1443 877 regimen,

251 896 317 961 eius
340 897 386 961 rei
404 897 490 961 inter
510 899 559 961 tot
577 917 684 961 versus
703 896 888 980 superstites
907 896 998 961 nulla
1017 897 1057 961 ad
1070 919 1129 961 nos
1142 901 1334 981 perventura
1346 898 1444 965 fuisse

250 1003 452 1081 testimonia,
480 1025 578 1087 quum
602 1007 676 1068 ante
699 1004 807 1068 omnia
830 1004 984 1068 eiusmodi
1007 1004 1185 1069 sententiae
1205 1003 1444 1089 philosophicae

251 1130 269 1172 e
292 1109 444 1174 dramatis
466 1110 598 1194 perditis
620 1110 738 1186 servari
760 1110 894 1174 soleant.

296 1214 420 1281 Relicto
446 1216 623 1301 Hippolyto
644 1216 748 1300 prima
771 1216 864 1280 nobis
885 1216 921 1279 in
944 1216 1059 1281 itinere
1082 1216 1176 1281 statio
1200 1220 1249 1281 est
1272 1217 1443 1301 tetralogia

183 1336 233 1383 415
251 1320 364 1387 Troica
386 1344 467 1407 quae
487 1326 618 1387 vocatur
640 1322 704 1406 (01.
718 1323 821 1407 91,1),
840 1322 1060 1388 Alexandrum
1081 1323 1281 1388 Palamedem
1305 1324 1444 1389 Troades

252 1426 424 1513 Sisyphum
447 1428 623 1513 complexa.

297 1535 443 1600 Priorum
466 1538 645 1601 dramatum
667 1536 818 1622 reliquiae
838 1536 921 1601 nihil
940 1540 979 1602 de
999 1538 1058 1602 diis
1077 1537 1298 1604 observatione
1310 1538 1443 1625 dignum

252 1643 435 1727 continent,
457 1642 493 1707 in
511 1642 688 1709 Troadibus
713 1665 786 1708 vero
810 1666 904 1727 saepe
925 1644 1202 1730 reprehenduntur
1216 1644 1241 1731 1)
1261 1650 1294 1710 et
1310 1646 1443 1711 omnino

253 1750 357 1815 varias
375 1750 534 1817 orationes
546 1750 706 1815 habentur
718 1773 830 1835 parum
843 1752 1051 1817 verecundiae
1062 1755 1096 1816 et
1106 1752 1180 1817 fidei
1192 1756 1404 1819 ostendentes.
1416 1752 1443 1838 ⁹)

251 1856 368 1921 Omnia
400 1857 562 1923 declarant
592 1880 663 1922 eum
694 1860 825 1922 deorum
856 1858 981 1923 ciuitati
1011 1879 1077 1922 non
1101 1859 1342 1925 reconciliatum
1364 1882 1441 1927 esse.

249 1962 374 2030 Similes
405 1963 471 2029 fere
493 1967 571 2029 sunt
591 1962 834 2041 Andromache,
858 1963 1004 2041 Hecabe,
1034 1964 1187 2029 Hercules
1210 1964 1336 2051 furens,
1363 1989 1443 2050 quas

249 2071 374 2138 fabulas
397 2076 434 2136 ut
457 2094 522 2137 non
543 2094 600 2137 suo
621 2094 764 2157 quaeque
783 2093 868 2136 anno
888 2072 1004 2137 ascribi
1023 2072 1124 2157 possit
1143 2076 1252 2138 tamen
1265 2073 1443 2158 generatim

100 2195 232 2244 cao-415
251 2178 285 2242 in
317 2178 378 2244 hoc
408 2180 589 2263 quindecim
619 2200 776 2244 annorum
807 2179 946 2264 spatium
979 2179 1020 2243 ab
1050 2177 1100 2243 Ol.
1124 2180 1201 2263 87,2
1225 2180 1265 2244 ad
1290 2179 1340 2246 Ol.
1366 2180 1441 2265 91‚1

251 2286 362 2351 cadere
391 2286 538 2353 uidimus.
571 2286 635 2351 Vix
664 2286 839 2371 quidquam
869 2285 967 2370 impie
994 2285 1116 2350 dictum
1138 2285 1258 2371 legitur
1279 2286 1314 2349 in
1339 2286 1442 2351 Hera-

251 2390 342 2457 clidis
365 2395 398 2457 et
419 2392 642 2478 Supplicibus3
666 2393 743 2458 haec
766 2392 874 2457 fabula
892 2392 1002 2476 utique
1021 2392 1140 2477 pietate
1159 2395 1192 2457 et
1211 2392 1311 2456 animi
1332 2393 1442 2479 aequi·

251 2500 317 2563 tate
348 2498 484 2583 insignis
514 2501 571 2564 est.
603 2499 693 2576 Quod
724 2501 878 2583 reputans
900 2502 1028 2583 poetam
1052 2498 1283 2584 aliquantisper
1305 2499 1441 2565 medita-

250 2605 391 2670 tionibus
420 2605 734 2691 dubitationibusque
763 2606 954 2671 intermissis
976 2606 1090 2671 laetius
1111 2627 1162 2670 res
1185 2606 1341 2671 humanas
1365 2628 1443 2671 con·

249 2712 439 2797 templatum
456 2735 522 2778 esse
541 2717 630 2798 puto.
647 2713 694 2777 At
711 2735 777 2778 non
797 2712 871 2789 diu,
891 2712 1024 2796 opinor3
1048 2734 1123 2776 nam
1136 2714 1173 2776 ut
1185 2711 1334 2798 pleraque
1346 2712 1442 2778 huius

249 2818 362 2884 aetatis
385 2840 491 2904 opera,
514 2819 559 2883 sic
581 2842 619 2883 ea
641 2841 722 2903 quae
744 2819 884 2883 Troades
907 2822 1015 2884 secuta
1034 2822 1109 2883 sunt
1129 2818 1254 2883 Helena
1270 2821 1304 2883 st
1316 2818 1443 2884 Orestes

249 2925 433 3009 exprimunt
460 2926 602 2990 animum
627 2929 665 2990 de
689 2926 781 2990 rebus
804 2926 921 2990 divinis
945 2926 1145 2989 dubitantem
1171 2924 1368 2990 diffidentem
1391 2927 1442 2990 in·

249 3033 422 3097 credulum.
438 3033 463 3117 ³)
494 3033 554 3097 Ion
577 3032 705 3097 Electra
728 3032 898 3117 Iphigenia
920 3032 1072 3109 Taurica,
1097 3032 1163 3096 sire
1187 3035 1229 3095 ad
1251 3032 1310 3097 hos
1334 3040 1442 3117 poste·

248 3138 345 3203 riores
370 3159 471 3203 annos
494 3139 560 3203 sive
583 3141 623 3202 ad
646 3140 767 3223 priores
791 3139 947 3202 trahenda
970 3142 1057 3216 sunt,
1079 3160 1116 3203 eo
1136 3139 1386 3223 progrediuntur
1406 3145 1444 3204 nt

248 3244 308 3309 diis
339 3244 480 3309 cotonea
510 3246 551 3309 ab
580 3246 729 3310 omnibus
760 3246 862 3330 poetis
896 3246 1027 3309 traditas
1061 3245 1169 3329 palam
1199 3246 1325 3310 crimini
1347 3246 1440 3323 dent,

249 3351 421 3434 aliquando
456 3350 566 3415 addita
595 3352 818 3417 observatione
848 3352 927 3417 vitia
955 3352 995 3415 iis
1031 3351 1187 3416 attributa
1215 3352 1278 3416 lide
1307 3352 1443 3436 indigna
1504 3341 1507 3351 ¹

248 3457 349 3522 videri
362 3458 399 3543 ⁴).

293 3564 486 3631 Huiusmodi
517 3566 694 3631 sententiae
724 3566 778 3633 rix
808 3566 893 3631 ullae
926 3565 962 3630 in
986 3565 1155 3650 postremis
1179 3564 1297 3629 fabulis
1319 3564 1443 3630 inveni·

246 3674 363 3755 untur,
388 3672 447 3737 etsi
472 3672 724 3737 Labdacidarum
748 3673 859 3737 domus
882 3672 1027 3736 funditus
1047 3693 1155 3735 eversa
1175 3670 1223 3756 (in
1244 3670 1439 3756 Phoenissis)

247 3781 279 3843 et
312 3778 592 3844 innocentissimae
626 3778 813 3864 Iphigeniae
845 3781 954 3843 caedes
985 3778 1033 3863 (in
1067 3777 1138 3861 lph.
1174 3776 1265 3862 Aul.)
1300 3776 1440 3862 amplam

247 3887 321 3949 deos
342 3885 493 3970 carpendi
513 3885 638 3969 copiam
661 3884 865 3969 praebebant.
884 3882 996 3966 Neque
1018 3883 1054 3946 in
1075 3882 1265 3968 fragmentis
1284 3882 1441 3967 Antiopes

247 3989 402 4056 Oenomai
435 3990 604 4075 Chrysippi
636 3989 820 4054 Alcmeonis
847 3988 1044 4054 Corinthiaci
1066 3989 1217 4054 Archelai
1240 3988 1441 4077 Hypsipylae

247 4100 428 4164 occurrunt.
465 4096 608 4161 Bacchae
641 4099 803 4181 praeterea
834 4116 952 4179 magna
987 4096 1019 4161 vi
1049 4096 1214 4160 illustrant
1245 4096 1439 4161 sententiam

280 4290 307 4354 1)
326 4289 411 4339 Veluti
428 4289 478 4337 469
495 4304 530 4351 sq.

279 4373 307 4437 8)
325 4373 374 4423 884
390 4387 451 4435 sqq,
470 4370 611 4429 sao-950,
629 4370 774 4430 ull-osa,
794 4369 859 4421 1097
875 4387 935 4435 sqq,
953 4387 1015 4435 quac
1032 4372 1096 4420 infru
1111 4371 1186 4420 fusius
1202 4369 1319 4420 tractabo.

280 4455 308 4519 3)
326 4454 382 4502 Hel.
400 4454 433 4501 20
449 4467 493 4516 sq,
512 4452 575 4503 1137
593 4468 652 4518 sqq,
671 4454 713 4503 Or.
732 4454 781 4503 285
799 4469 860 4519 sqq,
878 4455 927 4504 958
945 4469 980 4517 sq.

279 4536 308 4601 4)
329 4535 364 4586 ul.
381 4536 447 4584 1190
463 4550 522 4599 sqq,
542 4536 605 4586 lacu
624 4551 683 4600 sqq,
711 4538 761 4586 lon.
779 4552 812 4586 rs.
833 4536 975 4595 sss-451,
993 4536 1048 4601 lph.
1066 4537 1137 4586 'l'ann
1155 4552 1189 4586 rs.
1207 4536 1239 4584 38
1256 4550 1300 4599 sq,
1318 4536 1368 4585 880
1384 4550 1434 4599 sqq.
