3250 5217
751 421 843 491 191Ι
911 457 913 461 ⁴

190 604 289 693 lull:
313 607 396 673 nihil
414 606 499 671 mala
517 606 638 671 femina
657 606 746 691 peius
763 628 848 685 esee,
868 628 977 671 verum
1002 606 1084 672 nihil
1095 608 1181 673 bena
1194 608 1385 673 cumulatius

190 714 363 800 perfeetum
379 712 414 800 1).
448 711 571 779 Chorus
601 712 635 777 in
663 713 797 778 Hecuba
823 713 927 799 (1183
948 718 1032 800 sqq.)
1063 713 1227 793 »Nolite”‚
1256 714 1376 799 inquit,

188 823 314 885 >totum
334 840 436 905 genua
454 819 523 884 aine
535 819 717 884 discrimine
729 819 976 903 reprehendere3
989 821 1106 885 multae
1118 823 1264 885 nostrum
1277 821 1379 885 malae

189 930 280 1002 suut,
306 927 425 991 multae
447 946 521 990 uero
544 926 578 989 in
601 926 756 989 malarum
781 947 913 990 numero
935 926 1055 1012 injuria
1077 926 1277 1005 habentur;'’
1306 927 1379 1011 qui·

190 1034 319 1099 bueeum
343 1033 589 1099 consentiuntur
612 1034 670 1097 Ion
698 1034 761 1098 398
785 1054 855 1117 sqq.
880 1037 912 1098 et
936 1033 1055 1098 Protea.
1081 1034 1120 1098 fr.
1144 1033 1220 1100 658.

234 1138 314 1206 Cum
349 1140 394 1205 aie
416 1161 436 1203 a
459 1138 619 1204 eommnni
641 1142 828 1224 contemptu
852 1139 1058 1204 vindicantur
1081 1142 1381 1224 demonstraturque

189 1246 347 1334 injustitia
359 1268 478 1323 eorum,
491 1245 591 1331 quiin
603 1248 707 1310 totum
721 1265 823 1330 genua
835 1245 1013 1330 promiscue
1024 1246 1233 1326 invehantur,
1246 1246 1382 1311 maiores

191 1374 316 1439 quoque
346 1354 454 1417 laudes
478 1354 615 1418 exstant.
642 1350 795 1416 Admetus
817 1350 938 1416 fruetus
962 1352 1070 1417 dolore
1093 1357 1187 1438 rogat
1209 1353 1287 1437 quid
1310 1352 1381 1417 uiro

191 1461 232 1525 sit
254 1460 383 1545 gravius
406 1480 502 1543 quam
526 1458 623 1522 fidam
647 1461 778 1543 perdere
801 1479 929 1523 uxorem
955 1458 1037 1544 (Ale.
1060 1460 1125 1524 879
1146 1460 1227 1546 aq.);
1248 1481 1287 1523 ex
1309 1458 1380 1523 An·

189 1567 302 1652 tigoua
332 1570 475 1631 servatur
505 1564 568 1630 hoe
593 1564 811 1649 fragmentum
835 1566 934 1649 (1643
960 1588 1011 1649 ap.
1035 1564 1125 1631 Stob.
1151 1567 1213 1644 67,
1241 1568 1302 1645 14,
1324 1565 1381 1650 qui

187 1674 306 1759 injuria
328 1671 568 1757 Hippothoonti
591 1670 720 1742 tribuit,
748 1671 810 1737 vid.
837 1669 964 1738 Nauek.
988 1672 1023 1736 in
1048 1672 1114 1737 eius
1138 1673 1218 1757 ed.):

438 1792 558 1875 όρνττον
582 1793 664 1872 οόνδρὶ
690 1802 798 1871 κτῆμα
823 1795 988 1871 συμταόόρς
1012 1796 1100 1872 aursi.

189 1921 222 1983 et
246 1940 262 1989 e
285 1918 405 1983 Phrixo
428 1916 530 2003 (stou.
554 1916 631 1980 ibid.
659 1915 717 1994 15,
742 1915 841 1983 Dind.
865 1916 904 1983 ir.
929 1916 1027 2003 819):

439 2026 515 2102 yart
540 2023 604 2103 γὰρ
628 2023 657 2087 ἕν
682 2031 801 2088 κακοῖτν
825 2023 878 2088 καὶ
903 2022 996 2096 νότονς
1022 2023 1108 2089 τότεν

439 2130 559 2207 ἥδιστόν
583 2131 666 2209 ἐστι,
692 2130 816 2208 δώματ’.
838 2130 872 2206 ἦν
896 2130 962 2212 οἰκῇ
987 2138 1107 2208 καλῶς,

439 2238 529 2319 όργήν
553 2262 589 2301 τε
612 2236 788 2317 πραΰνουσα
812 2235 865 2302 καὶ
889 2236 1056 2315 δυσθυμίας

225 2409 228 2413 ,
445 2344 552 2425 ψυχὴν
577 2345 753 2421 μεόνττᾶτ’.

191 2474 229 2518 ex
251 2452 375 2517 ineerta
398 2452 563 2537 tragoedia
586 2451 677 2538 (ibid.
704 2452 740 2537 8,
767 2449 865 2516 Dind.
889 2450 930 2519 fr.
957 2451 1073 2536 1041):

438 2558 608 2641 οἰκοφθόρον
631 2558 694 2635 γόνρ
719 2554 814 2636 ἄνδρα
839 2558 949 2623 καλόεν
973 2559 1050 2636 νυνδρ

438 2665 529 2740 dedat
554 2664 810 2747 ταραξευχόεῖτα
831 2664 884 2729 καὶ
905 2662 991 2745 σώζει
1011 2663 1130 2742 δόμους.

235 2770 320 2847 Quin
339 2771 434 2837 etiam
456 2792 520 2836 uno
541 2775 574 2839 et
593 2772 693 2837 altero
713 2771 783 2836 loeo
802 2770 941 2836 feminae
960 2793 1069 2835 sexum
1090 2769 1277 2835 muliebrem
1296 2766 1382 2859 uirili

191 2881 351 2963 praestare
386 2878 506 2943 dieunt.
543 2878 666 2944 Ohorue
700 2879 735 2941 in
770 2877 850 2942 Ione
884 2877 965 2954 illis,
999 2876 1055 2962 qui
1087 2876 1224 2941 feminas
1259 2894 1385 2959 semper

190 2985 390 3070 vituperant,
415 2985 493 3050 dieit
518 2986 652 3073 (1090):

187 3082 191 3091 ’
620 3091 701 3173 όρᾶό’
716 3139 813 3159 .....

576 3195 641 3264 ότον
666 3199 797 3281 εὐσεβίᾳ
821 3202 991 3280 κρατοῦμεν

576 3303 677 3371 όόδνκον
701 3302 806 3383 όόροτον
829 3304 951 3384 ἀνδρῶν.

237 3410 387 3481 Similiter
417 3412 452 3476 in
476 3411 592 3477 Medea
608 3412 723 3477 chorus
747 3411 868 3477 Iasonis
889 3410 1056 3495 perfidiam
1079 3411 1252 3497 respiciens
1277 3408 1383 3474 exala-

193 3522 261 3583 mat
284 3520 395 3605 (419):
444 3518 571 3599 ἔρχεται
596 3519 676 3597 τνμόο
697 3520 862 3598 νυνανκεόςο
885 3518 985 3596 μένεν·

441 3625 539 3690 οόκέτν
564 3626 750 3696 δυσκέλαδος
774 3623 875 3705 Φόμα
900 3632 1053 3703 γυναῖκας
1077 3620 1148 3700 ἕξει.
1339 3702 1342 3707 ¹

237 3730 282 3795 nt
304 3731 339 3795 in
363 3730 465 3817 primo
490 3732 574 3796 vitae
593 3731 755 3815 Euripidis
774 3730 946 3796 summario
965 3753 982 3795 e
1002 3729 1184 3816 Melanippa
1207 3729 1320 3815 (Dind.
1344 3729 1383 3796 fr.

195 3835 274 3922 501)
297 3837 469 3902 laudantur
491 3841 556 3903 tres
579 3838 613 3904 hi
636 3837 767 3903 senarii:

417 3946 522 4021 μότκν
546 3942 593 4025 ἄρ’
617 3946 659 4017 ele
683 3950 837 4021 γυναῖκας
861 3941 896 4020 ἐξ
918 3942 1028 4024 ἀνδρῶν
1051 3942 1151 4022 ψόγος

422 4051 559 4130 dullart,
585 4051 669 4116 κενόν
692 4048 852 4129 τόξευμα,
874 4051 927 4115 καὶ
952 4055 1054 4122 κακῶς
1079 4049 1179 4128 λέγει.

420 4157 453 4223 al
478 4156 504 4221 δ’
528 4154 584 4223 εἴτ’
608 4158 750 4237 νόμεόνους
775 4158 916 4239 όροένυν,
947 4158 1009 4234 ἐγὼ
1032 4155 1127 4236 λέγω.

193 4360 387 4379 “M

217 4495 257 4563 .l)
275 4495 369 4545 Similia
384 4495 491 4545 iuvenies
512 4493 582 4563 apud.
601 4492 659 4547 Hes.
677 4494 750 4561 Oper.
769 4490 818 4547 lua
832 4508 900 4560 pqq„
917 4491 1009 4545 Simon.
1026 4496 1122 4560 Amorg.
1141 4491 1171 4546 tre
1191 4493 1206 4543 d
1225 4509 1263 4559 ap.
1282 4492 1386 4558 Bergk..

196 4577 267 4645 θορόν.
286 4577 388 4627 Phaedr.
405 4578 435 4628 lr.
453 4578 511 4631 608.
