3250 5217
738 412 800 480 153

178 595 338 679 sophistae
367 594 549 662 habuerint.
593 594 663 681 Ego
693 596 941 683 haudquaquam
972 598 1162 661 contendam
1195 618 1248 661 eos
1280 596 1370 662 nulla

177 723 214 765 ex
236 704 328 786 parte
351 700 492 767 motibus
515 701 669 771 nocuisse.
694 702 779 769 Nam
802 705 887 769 artes
910 724 988 788 quas
1007 702 1179 767 tradebant
1198 702 1369 787 pleraeque

176 808 269 873 rectis
305 812 337 871 ot
368 808 474 891 pravis
505 809 645 873 consiliis
677 811 794 875 servire
825 811 990 896 poterant,
1016 812 1048 873 et
1069 831 1186 894 quum,
1212 811 1369 893 utsupra

177 914 304 991 monui,
341 935 377 978 eo
411 914 481 1008 ipso
517 917 660 1000 tempore
691 911 806 983 Graeci
837 916 999 983 venissent
1025 915 1060 979 in
1084 915 1255 998 ancipitem
1278 914 1368 980 illam

177 1020 390 1084 conditionem
424 1019 479 1085 ubi
514 1022 736 1088 corruentibus
772 1024 913 1089 moribus
947 1026 979 1087 et
1012 1022 1191 1087 rationibus
1225 1021 1367 1106 antiquis

177 1147 278 1191 novae
308 1129 506 1211 quaerendae
537 1131 630 1192 erant
660 1132 694 1193 et
723 1130 832 1194 omnia
862 1150 946 1193 nova
975 1133 1093 1193 temere
1115 1128 1365 1213 appetebantur,

176 1232 388 1315 sophistarum
423 1254 549 1318 quoque
580 1237 664 1299 artes
687 1236 800 1321 cupide
824 1238 968 1320 arreptae
992 1235 1032 1299 ab
1055 1234 1222 1299 ineruditis
1245 1233 1368 1298 stultis·

176 1361 237 1424 que
260 1360 425 1425 perperam
449 1340 710 1424 explicabantur,
736 1364 754 1405 a
775 1342 867 1407 malis
885 1342 919 1406 in
938 1341 1139 1426 voluptatum
1152 1339 1367 1424 scelerumque

175 1446 389 1510 instrumenta
421 1446 700 1540 detorquebantur.
733 1446 783 1512 Ita
807 1448 927 1513 factum
951 1450 999 1512 est
1020 1450 1057 1511 ut
1078 1446 1292 1530 sophistarum
1315 1445 1368 1509 in-

176 1552 299 1616 stitutio
323 1552 497 1616 multorum
519 1553 659 1618 moribus
681 1556 833 1619 nocuerit.
865 1554 987 1619 Rursus
1008 1574 1083 1617 vero
1107 1552 1204 1617 etiam
1223 1552 1366 1616 moribus

176 1658 380 1742 profuerunt,
401 1681 476 1723 nam
496 1681 576 1744 quae
595 1661 629 1724 in
646 1662 739 1726 rebus
759 1661 872 1725 ethicis
894 1662 1062 1744 praecepta
1084 1658 1171 1723 ultro
1195 1658 1367 1722 tradebant

175 1764 292 1846 partim
316 1767 408 1828 erant
430 1764 495 1829 fere
519 1765 667 1831 notiones
690 1768 804 1852 optimi
827 1768 980 1850 cuiusque
1003 1764 1195 1830 Graecorum
1221 1764 1261 1828 ad
1279 1764 1366 1847 leges
1443 1848 1446 1853 .

177 1872 322 1934 redactae
342 1879 374 1934 et
393 1875 571 1937 exstructae
590 1873 623 1937 in
644 1874 778 1938 rationis
798 1878 831 1937 et
847 1871 1082 1957 intelligentiae
1101 1870 1310 1934 fundamento
1325 1906 1367 1919 -

177 1976 293 2060 partim
318 1977 459 2041 rationes
483 1979 655 2043 sanctiores
679 1983 711 2043 et
733 1979 894 2064 puriores,
919 1982 1013 2062 aptae
1032 1976 1173 2042 moribus
1192 1976 1366 2040 emendan-

177 2082 244 2159 dis,
265 2104 400 2166 quarum
420 2083 468 2149 ris
487 2086 594 2149 tamen
615 2086 805 2151 recentiores
824 2085 992 2170 plerosque
1011 2084 1095 2169 fugit
1114 2104 1212 2167 quum
1233 2102 1367 2166 eaquae

179 2187 211 2251 in
238 2188 376 2253 deterius
400 2191 481 2253 verti
502 2194 632 2275 possent
654 2194 692 2256 ut
713 2192 751 2255 fit
773 2192 881 2276 plures
904 2178 1076 2255 sectatores
1098 2188 1279 2253 habuerint.
1308 2186 1367 2251 So-

177 2291 300 2377 phistae
332 2294 394 2378 ipsi
422 2296 565 2379 profecto
597 2300 637 2361 ad
668 2298 818 2363 virtutem
843 2297 1036 2375 tendebant,
1060 2295 1149 2359 cuius
1171 2293 1216 2358 rei
1241 2313 1366 2357 morum

179 2400 364 2484 integritate
387 2402 583 2468 luculentum
609 2404 776 2469 ediderunt
799 2404 979 2489 exemplum
993 2399 1030 2488 ¹).

255 2660 270 2744 §
295 2656 326 2722 b.
366 2662 519 2742 Quatenus
542 2662 712 2749 Euripides
736 2687 860 2727 morum
883 2674 1048 2749 corruptor
1071 2662 1225 2727 habendus
1247 2664 1298 2726 sit.
1327 2678 1329 2683 ’

220 2871 292 2938 Jsm
317 2895 391 2939 vero
415 2875 578 2940 redeamus
600 2879 639 2940 ad
664 2876 850 2961 Euripidem
871 2862 909 2941 et·
922 2898 1126 2962 quaeramus,
1147 2878 1184 2939 nt
1204 2879 1272 2939 erat
1292 2897 1367 2958 pro-

176 2978 333 3063 positum,
358 2983 516 3064 quatenus
536 2982 751 3066 sophistarum
772 2983 907 3067 vestigia
926 3004 1073 3067 premens
1094 2981 1235 3080 moribus
1254 3002 1367 3046 nocere

176 3085 325 3167 potuerit.

220 3190 273 3256 Ad
291 3192 526 3259 institutionem
546 3194 737 3260 rhetoricam
756 3194 898 3259 revocari
916 3196 1025 3278 potest
1043 3194 1200 3279 Antiopae
1220 3192 1258 3256 fr.
1272 3193 1366 3279 (189)

177 3297 260 3380 spus
283 3296 373 3363 stou
398 3300 451 3364 sa.
478 3302 516 3365 2:
1362 3295 1371 3308 “

380 3405 414 3469 ἐκ
438 3406 553 3479 παντὸς
578 3405 616 3471 ἄν
638 3432 686 3479 τις
710 3406 902 3488 πράγματος
925 3407 1031 3472 δισσῶν
1055 3406 1156 3485 λόγων

389 3513 498 3590 ἀγῶνα
523 3514 596 3578 θεῖτ’
621 3512 675 3591 ἂν,
700 3514 725 3578 εἰ
750 3513 855 3591 λέγειν
879 3513 924 3587 sis
948 3511 1054 3592 σοφός.

223 3616 410 3703 Quicunque
441 3642 514 3684 voro
546 3624 585 3685 do
615 3621 709 3686 rebus
744 3621 894 3686 humanis
928 3620 1065 3685 multum
1100 3620 1270 3685 meditatus
1293 3619 1366 3703 phi-

177 3723 423 3808 losophatusque
455 3727 519 3801 est,
553 3727 582 3790 ei
613 3726 687 3791 talis
723 3727 884 3792 sententia
908 3725 1001 3790 facile
1024 3747 1057 3789 so
1079 3724 1248 3807 obtrudat,
1271 3746 1368 3808 quam

178 3828 279 3892 celare
299 3828 431 3895 fortasse
450 3832 653 3914 praestiterat
671 3834 706 3895 in
727 3832 847 3917 populo
867 3833 906 3896 ad
925 3830 1014 3895 dolos
1037 3834 1168 3915 argutos
1188 3830 1368 3915 captiones·

176 3955 238 4017 que
259 3934 439 4001 dialecticas
458 3937 639 4020 aptissim03
660 3960 734 4001 nam
756 3938 901 4021 quamvis
917 3959 990 4001 vora
1002 3936 1062 4014 sit,
1080 3936 1197 4001 veritas
1209 3936 1369 4021 patefacta

177 4039 350 4123 aliquando
374 4045 476 4107 nocet
503 4041 676 4108 Videamus
699 4044 804 4127 potius
827 4043 1003 4109 rhetoricae
1021 4044 1175 4128 quaedam
1195 4042 1369 4127 specimina

178 4144 218 4208 ad
242 4146 345 4211 scelus
367 4146 495 4233 aliquod
519 4148 753 4214 defendendum
779 4150 1025 4216 accommodata.
1053 4148 1093 4213 In
1116 4169 1153 4213 ea
1175 4151 1267 4233 parte
1289 4168 1370 4232 quae

181 4254 228 4315 est
248 4254 397 4319 derebus
416 4254 532 4320 divinis
549 4257 616 4340 jam
635 4256 851 4321 recensuimus
870 4277 923 4320 eos
941 4255 1047 4335 locos,
1061 4255 1114 4320 ubi
1126 4254 1273 4319 homines
1286 4252 1371 4317 vitiis

211 4544 241 4612 1)
259 4548 324 4597 Nota
341 4552 377 4598 est
393 4550 496 4614 Gorgiae
512 4553 620 4599 sonemus
636 4549 720 4599 viridis
736 4554 760 4599 et
778 4549 888 4609 robusta,
905 4548 1078 4616 temerantia
1095 4551 1194 4601 frustm.
