3250 5217
813 390 858 456 94

243 574 369 662 losopbi
404 574 592 662 jamdudum
628 571 1019 661 anthropomorphismum
1048 572 1210 659 indignati
1238 571 1431 657 religionem

242 682 428 767 popularem
438 677 716 767 impugnaverant,
730 702 866 767 quorum
877 679 1000 766 primus
1011 682 1079 745 erat
1101 678 1377 765 Xenophanes
1389 676 1433 765 1).

241 787 350 855 Unum
370 788 478 855 docuit
501 810 567 853 esse
586 788 697 867 deum,
719 808 853 872 eumque
875 786 1048 851 maximum
1073 790 1105 852 et
1125 785 1314 852 mortalibus
1336 807 1433 870 pror-

242 916 294 961 sus
317 894 500 961 dissimilem
512 892 558 981 ⁹);
583 916 654 961 eum
679 895 764 959 enim
784 915 851 959 non
871 894 967 959 variis
985 892 1130 958 sensibus
1149 895 1286 958 sedtoto
1297 894 1433 978 corpore

241 1000 337 1067 simul
359 1001 467 1066 omnia
490 1002 649 1088 percipere
662 1004 697 1088 ³).
718 998 818 1068 Nullo
835 1003 908 1087 jure
927 1000 1072 1065 homiues
1090 1000 1212 1085 fingere
1231 1000 1306 1065 deos
1323 999 1433 1085 figura

241 1108 382 1175 humana
411 1106 541 1173 indutos
569 1108 772 1194 vestibusque
806 1108 956 1173 humanis
985 1106 1133 1192 amictos;
1157 1106 1254 1172 boves
1275 1109 1309 1172 et
1331 1127 1432 1191 equos

242 1234 384 1299 quoque,
407 1212 434 1279 si
456 1215 597 1299 cogitare
615 1219 647 1280 et
668 1215 798 1300 pingere
817 1216 966 1299 possent,
987 1217 1062 1279 deos
1080 1212 1142 1279 sibi
1159 1212 1278 1278 similes
1296 1212 1431 1279 ficturos

243 1320 358 1405 eese‘).
388 1318 536 1405 Turpiter
558 1342 633 1405 ergo
656 1326 766 1406 poetes
789 1321 962 1386 humanam
986 1324 1135 1385 naturam
1157 1319 1327 1406 omniaque
1348 1341 1432 1405 quse

242 1428 327 1511 apud
349 1424 494 1491 homiues
517 1448 616 1512 prava
637 1428 704 1493 sint
725 1428 785 1493 diis
807 1427 989 1493 attribuisse
1000 1433 1038 1513 ⁵).

288 1530 408 1597 Eodem
439 1533 532 1598 modo
556 1532 802 1600 Heraclitus
823 1534 1017 1620 improbavit
1038 1533 1173 1598 traditas
1196 1533 1326 1598 deorum
1347 1532 1430 1598 ima·

244 1639 351 1725 giam,
394 1639 527 1726 ideoque
560 1663 619 1727 pro
654 1664 711 1707 sua
741 1642 914 1707 acerbitate
944 1639 1118 1706 Homerum
1141 1638 1431 1725 Archilochumque

243 1746 455 1813 verberandos
485 1751 518 1811 et
539 1769 557 1812 e
579 1748 805 1814 certaminibus
828 1747 999 1833 ejiciendos
1023 1768 1089 1812 esse
1111 1747 1276 1813 contendit
1289 1747 1326 1832 θ).
1358 1744 1431 1831 Ipse

245 1877 400 1921 summam
423 1855 525 1940 legem
549 1856 749 1921 substituisse
769 1856 912 1936 videtur,
935 1877 1030 1940 quam
1050 1855 1146 1929 Δίκην
1166 1853 1232 1919 sive
1249 1852 1353 1918 fatum
1364 1853 1431 1919 eisc

245 1963 336 2043 λόγον
356 1962 422 2027 sire
444 1960 558 2027 Jovem
581 1963 725 2027 vocabat.
1431 2028 1438 2037 ,

290 2068 483 2135 Posteriores
506 2068 687 2154 philosophi
709 2066 781 2135 non
797 2072 874 2134 data
893 2069 1020 2154 quidem
1043 2089 1140 2154 opera
1157 2068 1431 2153 impugnaverunt

245 2176 449 2261 religionem,
481 2178 535 2240 sed
559 2196 667 2241 eorum
690 2175 809 2260 placita
832 2176 861 2240 ei
883 2195 1011 2260 prorsus
1034 2175 1266 2261 repugnabant.
1290 2174 1430 2240 Demo·

246 2282 380 2347 critus
406 2282 441 2347 τὸ
464 2284 538 2347 θεῖον
562 2280 644 2345 nihil
666 2280 753 2346 aliud
776 2281 893 2345 habere
916 2281 1023 2366 potuit
1045 2304 1141 2367 quam
1163 2285 1327 2362 naturam,
1350 2304 1432 2368 quae

245 2389 353 2452 omnia
385 2392 491 2453 movet
522 2391 618 2472 atque
649 2387 870 2473 complectitur
881 2387 918 2472 ⁷).
955 2386 1103 2453 Vidimus
1135 2411 1232 2474 supra
1269 2390 1336 2475 (pg.
1374 2390 1430 2475 79)

246 2516 316 2559 eum
349 2494 478 2559 deorum
502 2493 703 2579 popularium
726 2494 883 2579 originem
905 2498 1046 2579 repetere
1069 2516 1088 2559 a
1110 2494 1276 2581 principiis
1297 2498 1430 2561 natura·
1498 2501 1502 2509 '

280 2795 308 2860 1)
324 2794 449 2845 Philolaus
464 2794 525 2845 dixit
541 2795 612 2845 deum
629 2794 708 2844 cmuis
725 2795 851 2861 complecti
866 2796 1020 2861 omniumque
1036 2812 1118 2846 rerum
1132 2812 1181 2846 esse
1195 2796 1352 2863 principium,
1367 2798 1432 2863 qued

245 2876 374 2927 verisimile
396 2880 431 2925 est
453 2892 507 2926 eum
528 2876 554 2926 in
576 2876 726 2942 Pythagorae
747 2876 856 2926 didicisse
872 2877 1003 2943 discipline.
1029 2878 1078 2927 Hic
1094 2882 1216 2944 praeterea
1233 2879 1263 2929 ab
1279 2879 1431 2945 Hieronymo

247 2960 321 3025 (apud
340 2959 408 3024 Dicg.
424 2959 453 3009 L.
472 2960 549 3008 VIII.
568 2960 590 3019 1,
608 2959 636 3024 4)
659 2963 772 3008 narretur
792 2960 940 3009 contendisse
956 2976 981 3009 se
998 2960 1024 3010 in
1042 2962 1106 3010 Orco
1123 2961 1209 3011 vidisse
1228 2960 1330 3011 Homeri
1347 2962 1432 3012 Hesio·

247 3042 317 3108 dique
342 3057 422 3092 menes
446 3041 573 3091 tormentis
597 3041 740 3101 excruciari,
764 3043 829 3107 quod
850 3058 924 3108 prava
944 3042 974 3091 de
992 3042 1111 3109 Olympiis
1127 3042 1282 3093 rettulissent.
1305 3044 1361 3094 Hsc
1375 3060 1432 3095 raro

247 3125 340 3185 tabule,
369 3124 436 3175 cuius
457 3124 535 3175 sontes
551 3123 641 3185 lsteut,
658 3124 725 3189 qnasi
741 3128 806 3175 certo
824 3124 961 3175 testimonio
978 3125 1079 3175 utinm
1095 3140 1226 3191 possumus.
1244 3126 1345 3177 Constet
1360 3126 1433 3178 etism

247 3208 408 3273 Pythagoreos
431 3222 560 3272 numquam
576 3207 687 3273 populari
703 3207 814 3273 religioni
830 3207 929 3258 infestos
945 3207 1017 3257 luisse
1033 3224 1118 3259 verum
1134 3208 1270 3277 Apollinem
1285 3212 1311 3260 et
1328 3211 1354 3265 in
1370 3226 1432 3279 mys·

246 3290 315 3341 teriis
331 3290 390 3340 alios
405 3305 499 3355 quoque
515 3290 570 3339 deos
587 3289 625 3354 pie
641 3289 747 3339 coluisse.

280 3374 308 3437 Β)
325 3373 395 3437 Apud
412 3372 487 3422 clem.
503 3371 571 3422 Alex.
589 3374 676 3422 Strcrn.
695 3372 728 3422 V.
745 3372 794 3426 714
810 3373 841 3421 C:

496 3447 532 3511 sle
548 3452 600 3511 iste
615 3451 640 3503 ’ἐν
658 3469 688 3502 τι
704 3452 778 3503 θιοῖοι
796 3452 837 3502 sal
854 3451 998 3516 ἀνθρώποισι
1016 3453 1153 3518 μέγιστοι,

498 3532 556 3585 ote-s
574 3532 653 3597 δέμας
670 3532 790 3593 θνητοῖσιν
808 3534 905 3597 dussis(
922 3533 982 3585 stre
999 3538 1083 3599 νόημα.

283 3620 311 3685 8)
327 3620 390 3669 Sext.
408 3618 477 3685 llmp.
494 3619 538 3669 IX.
556 3620 601 3668 442
1059 3669 1064 3676 „

522 3694 595 3757 οθλος
611 3700 666 3766 δρᾷ,
683 3694 756 3758 oleos
773 3698 800 3749 δὲ
818 3703 880 3759 νοοῖ,
897 3696 970 3760 οὖλος
987 3699 1016 3751 δέ
1032 3702 1059 3750 τ’
1075 3700 1167 3754 θνιοῦιι.

281 3784 310 3849 4)
327 3799 364 3849 ap.
380 3782 456 3834 (ilem.
473 3782 538 3833 Alen
557 3785 646 3833 Strom.
666 3782 696 3833 V.
714 3783 762 3833 601
781 3784 810 3833 D.

284 3867 310 3932 b)
327 3866 390 3916 Sext.
408 3865 476 3932 Emp.
495 3866 539 3919 IX.
558 3865 619 3915 lta:

514 3946 599 3997 πάντα
615 3945 676 4005 troie
692 3945 808 4005 θνθθνιιιαν
824 3946 936 4013 Ὅμηρος
953 3946 1068 4008 Ἡσίοδος
1086 3968 1118 4000 τι

513 4028 579 4080 trra
596 4030 654 4093 παρ’
672 4026 830 4093 deipsis-seces
847 4028 940 4081 θνιθδιιι
956 4030 998 4080 sal
1015 4030 1097 4096 ψόγοι
1113 4029 1184 4092 ἔοι-ἲ,

514 4109 646 4169 κλέπτειν,
662 4110 790 4177 μοιχιθιιν
807 4111 849 4163 καὶ
866 4112 994 4172 θλλιὶλονς
1009 4113 1152 4164 θπιιτιθιιν.

283 4198 311 4264 θ)
329 4197 398 4262 Diog.
421 4196 448 4247 Is.
465 4197 503 4246 IX
520 4197 543 4249 1.
561 4196 584 4247 1.
602 4197 645 4246 τόν
663 4194 683 4245 θ’
699 4194 809 4259 ίὈμιιρον
826 4194 935 4260 ’θῲοσνιον
952 4195 1020 4265 ἄξιον
1036 4194 1066 4247 is
1081 4202 1131 4249 τθν
1144 4197 1244 4263 ιθγοθνοιν
1258 4197 1427 4265 θκβάλλισθοι

250 4278 293 4331 sal
310 4278 456 4346 θοιπθζιοθιιι
474 4276 516 4327 καὶ
533 4278 687 4342 Ἀρχίλοχον
705 4277 801 4340 ὁμοίοις.

282 4361 310 4427 l)
327 4362 382 4413 Vid.
398 4360 476 4411 Zeller
492 4360 513 4410 I.
530 4376 569 4427 pg.
585 4361 642 4411 θθθ.
659 4360 754 4412 Placuit
769 4361 792 4411 ei
808 4364 888 4412 umen
904 4378 953 4413 esse
970 4378 1053 4413 revers
1068 4364 1157 4430 species
1169 4366 1426 4430 quasdsmhominibus

248 4445 337 4497 similes
358 4443 385 4495 in
401 4447 467 4499 stre.
485 4458 543 4508 ques
558 4443 671 4495 mortales
687 4443 792 4495 sensibus
808 4445 964 4511 percipientes
979 4445 1069 4510 injurie
1084 4447 1110 4497 in
1127 4448 1225 4499 deorum
1242 4464 1340 4499 numero
1357 4449 1429 4501 helie·

246 4530 313 4584 rent.
327 4540 401 4591 quum
415 4530 507 4576 statura
521 4528 545 4577 et
558 4525 745 4578 roboretsntum
753 4526 895 4578 excellerent
903 4528 978 4593 (Sext
987 4528 1056 4595 limp.
1067 4529 1146 4581 lieth.
1159 4531 1201 4581 lx.
1212 4530 1252 4581 ls.
1260 4530 1338 4582 Zeller
1346 4531 1424 4599 ibid).
