3250 5217
830 402 872 467 52

485 583 615 652 άταντα
637 587 735 651 τθκτει
755 588 837 665 χθὼν
860 588 956 651 πάλιν
979 610 1014 651 τε
1038 587 1211 665 λαμβάνει.

304 691 342 757 In
366 691 478 778 Suppl.
502 715 532 758 v.
559 692 621 757 531
648 714 717 777 sqq.
742 692 878 778 legitur:

488 798 600 865 ἐάσατ’
624 799 678 875 ἤδη
702 809 745 881 νῇ
770 802 967 878 καλυφθῆναι
989 802 1127 880 νεκροὺς,

485 901 548 971 θθιν
572 906 597 970 θ’
619 903 749 971 ἕκαστον
773 908 816 978 εἷς
841 906 875 971 τθ
897 908 976 984 σῶμ’
998 907 1149 987 άΦθκετι,

487 1013 606 1077 ἐνταῦθ’
630 1016 793 1079 άτελθεθν·
818 1019 945 1091 τνεΐιμα
967 1014 1024 1090 μὲν
1047 1016 1118 1094 πρὸς
1136 1014 1260 1093 αἰθέρα,

484 1118 518 1184 τθ
542 1126 635 1198 σῶμα
659 1121 685 1185 δ’
706 1122 748 1192 εἷς
772 1127 850 1204 γῆν,
874 1118 938 1185 οὔτι
963 1118 1025 1200 γάρ
1049 1120 1225 1196 κεκτήμεθα

486 1226 629 1307 ἡμέτερον
653 1228 729 1291 αὐτὸ
753 1229 836 1301 πλὴν
860 1229 1009 1303 ἐνοικῆσαι
1033 1226 1119 1311 βίον,

488 1330 626 1397 κάτειτα
650 1334 703 1406 τὴν
728 1334 887 1413 θρέψασαν
910 1333 986 1397 αὐτὸ
1010 1334 1057 1398 θεῖ
1078 1332 1200 1410 λαβεῖν.

300 1437 359 1503 His
390 1438 533 1504 versibus
564 1461 602 1503 ea
632 1461 713 1524 quae
744 1439 781 1505 fr.
815 1441 880 1505 836
905 1440 1050 1504 universe
1073 1440 1225 1504 dicuntur
1245 1442 1287 1503 ad
1310 1442 1445 1505 mortem

255 1546 547 1611 accommodantur.

299 1650 446 1717 Nauckio
466 1652 567 1736 spurii
586 1654 662 1716 sunt
681 1652 752 1719 visi.
773 1651 884 1718 Sentio
904 1652 1031 1736 quidem
1053 1650 1275 1739 philosophica
1290 1653 1446 1718 haecnon·

255 1780 322 1823 esse
345 1758 472 1824 >locum
495 1758 608 1823 sortita
628 1758 827 1835 decentem”,
848 1761 903 1823 sed
924 1758 1029 1842 potius
1049 1759 1272 1843 intempestive
1285 1760 1444 1824 arcessita.

255 1864 342 1929 Num
365 1864 483 1929 idcirco
506 1864 654 1948 protinus
677 1864 821 1929 notanda
839 1866 872 1927 et
892 1864 1051 1929 reicienda
1070 1868 1170 1930 sunt?
1188 1864 1335 1950 Namque
1346 1867 1444 1930 etiam

254 1971 347 2036 valde
369 1971 501 2035 dubium
525 1974 573 2036 est
596 1994 637 2035 en
662 1992 735 2035 cum
760 1968 898 2037 Stobaeo
922 1972 1048 2055 (122,3)
1072 1972 1253 2037 Moschioni
1276 1972 1445 2037 tribuenda

255 2078 328 2142 sint
365 2078 511 2143 Incertus
545 2078 622 2163 quid
653 2078 720 2143 cius
751 2077 796 2142 rei
828 2078 889 2155 sit,
920 2076 1016 2142 nimia
1040 2078 1198 2143 confidere
1221 2079 1307 2145 nolo.
1332 2077 1444 2164 Neque

255 2183 358 2252 Orest.
385 2186 472 2250 1086
497 2206 563 2269 sq.:

391 2290 464 2367 μήθ’
489 2284 572 2366 αἷμά
596 2314 655 2367 μιν
679 2287 801 2365 δέξαιτο
825 2288 980 2369 κάρπιμον
1004 2289 1104 2367 τθθιν,

391 2401 434 2474 μὴ
459 2398 602 2475 λαμπρὸς
626 2398 729 2475 αἰθὴρ,
750 2398 776 2461 εἰ
802 2396 904 2473 τ’ἕριθ
928 2395 1052 2474 προδούς
1077 2420 1152 2461 τετε
1177 2422 1205 2461 κ.
1217 2423 1247 2464 τ.
1260 2413 1291 2463 λ.

255 2524 274 2565 a
298 2501 529 2567 Valckenaerio
559 2502 704 2567 adhibita
737 2502 873 2566 multum
904 2502 1077 2585 proficiunt
1100 2503 1161 2568 nisi
1181 2504 1269 2588 justo
1292 2504 1443 2569 fidentius

255 2608 396 2673 nitamur
425 2631 472 2677 vs.
504 2609 670 2693 corruptis.
703 2608 810 2693 Spurii
838 2629 962 2693 quoque
996 2609 1146 2675 videntur
1168 2609 1283 2676 Helen.
1311 2612 1441 2677 1010-

256 2715 360 2798 1016,
386 2716 497 2781 eloco
521 2736 650 2801 prorsus
673 2715 786 2781 alieni:

461 2820 513 2886 καὶ
538 2822 601 2902 γάρ
624 2823 702 2894 τίσις
727 2822 812 2885 τῶνδ’
826 2821 891 2885 ἐστὶ
915 2830 978 2894 τοῖς
1001 2845 1036 2887 τε
1060 2821 1202 2903 νερτέροις

457 2927 510 2993 καὶ
534 2936 596 3001 τοῖς
620 2926 730 2993 άνωθεν
753 2932 848 2993 τάσιν
871 2908 1045 3007 άνθράτνις.
1069 2930 1083 2993 θ
1106 2934 1173 3002 ναῦς

456 3042 514 3101 τῶν
538 3034 748 3101 κατθανόντων
773 3034 809 3117 ζῇ
834 3034 891 3112 μὲν
914 3033 965 3119 ιθ,
990 3035 1113 3113 ρνάμνν
1137 3033 1243 3118 θ’ἕχει

456 3141 609 3208 άθάνατιν
633 3144 675 3214 εἰς
698 3143 852 3207 άθάνατεν
876 3140 967 3221 αἰθέρ’
991 3142 1142 3219 ε’μτετάν.

300 3247 456 3314 Stobaeus
479 3249 615 3333 denique
637 3249 676 3313 de
697 3248 837 3333 lugenda
861 3254 1070 3333 cognatorum
1094 3253 1196 3313 morte
1214 3250 1304 3335 (108,
1330 3250 1385 3334 11)
1402 3271 1441 3314 ex

253 3354 432 3441 Hypsipyle
453 3356 580 3420 laudat:

592 3460 645 3526 καθ
670 3459 741 3527 τάδ’
764 3458 917 3540 άχθονται
940 3460 1042 3541 βροτοὶ

592 3569 635 3640 sle
659 3576 719 3645 γῆν
742 3566 887 3649 φέροντες
909 3575 981 3646 γῆν.

299 3674 435 3739 Etiamsi
468 3674 554 3740 locos
584 3674 656 3739 illos
685 3674 801 3739 dubios
831 3673 1035 3753 omittamus,
1067 3677 1176 3739 tamen
1200 3674 1237 3738 in
1260 3679 1370 3760 aperto
1393 3679 1442 3741 est

254 3781 291 3845 fr.
316 3782 382 3846 836
414 3781 621 3866 significatio:
654 3781 763 3845 omnia
795 3780 926 3845 dissolvi
955 3783 989 3845 et
1006 3778 1115 3845 'dilabi
1143 3781 1179 3845 in
1203 3783 1334 3848 eandem
1358 3783 1443 3847 unde

253 3890 324 3953 orta
353 3887 419 3952 sint
449 3887 631 3966 materiem,
656 3908 737 3973 quae
759 3909 776 3951 e
799 3888 942 3951 terrain
963 3890 1100 3967 terram,
1124 3888 1160 3952 in
1183 3889 1312 3954 aethera
1334 3893 1441 3954 autem

253 4014 334 4077 quae
357 4015 396 4058 ex
418 3994 545 4059 aethere
552 4014 560 4072 ;
586 3994 668 4057 nihil
691 3992 776 4058 enim
800 3994 927 4077 proprie
949 3994 1081 4058 interire
1104 3996 1159 4058 sed
1180 3995 1310 4060 dissolvi
1328 4000 1442 4061 cuncta

252 4096 284 4164 et
307 4101 434 4166 mutari.

297 4206 385 4273 Haec
416 4206 518 4292 magis
549 4228 645 4291 quam
676 4228 756 4291 quae
779 4228 875 4291 supra
898 4206 1034 4271 tractavi
1057 4207 1098 4271 ad
1120 4207 1305 4272 interiorem
1329 4209 1442 4294 physi-

253 4335 322 4379 cam
342 4313 500 4398 pertinere
517 4313 675 4378 videntur.
697 4313 964 4397 Philosophorum
985 4313 1085 4398 igitur
1104 4314 1222 4398 placita
1235 4314 1342 4399 potius
1353 4337 1441 4380 com·

252 4420 395 4503 paranda
417 4424 492 4484 sunt
514 4442 611 4505 quam
635 4423 800 4505 poetarum
824 4420 919 4487 dicta.

299 4524 538 4590 Anaximander
561 4526 730 4610 scripserat
752 4525 850 4610 (apud
874 4525 985 4610 Simpl.
1010 4526 1050 4590 ad
1074 4526 1207 4591 Aristot.
1233 4527 1362 4612 Physic.
1382 4527 1438 4593 iol.
