3250 5217
736 665 861 735 XXIII.

244 810 311 879 Oic.
336 812 375 877 de
399 811 472 878 Div.
497 813 514 877 Ι
541 813 592 896 18,
619 811 682 879 35:

85 994 88 1000 .
218 933 325 999 ·Uiar
355 954 448 1019 crgo,
478 956 536 999 nec
566 934 722 1013 adducar,
755 938 811 999 aul
833 934 868 999 in
891 935 972 1000 extis
997 937 1099 999 dolam
1124 933 1287 999 Etruriam
1313 934 1388 1002 deli·

197 1079 268 1122 rare
290 1060 346 1122 aui
369 1056 502 1122 eandem
525 1060 654 1141 geniem
678 1057 712 1121 in
735 1056 915 1141 fulgoribus
933 1078 1038 1122 errare
1057 1060 1113 1121 aui
1131 1056 1289 1121 fallaciter
1309 1077 1385 1141 por·

201 1182 290 1245 lenta
313 1180 527 1264 interpretari.

247 1300 324 1365 Post
352 1300 533 1365 »adducar”
558 1302 674 1368 excidit
697 1303 816 1400 aliquid
825 1286 839 1380 3·
858 1295 1048 1388 explendum
1072 1324 1183 1367 censeo
1207 1315 1264 1367 »ut
1287 1302 1391 1378 rear'’‚

200 1445 280 1507 quae
311 1423 408 1487 verba
438 1423 577 1509 ascripta
604 1428 680 1489 sunl
701 1425 735 1488 in
760 1425 905 1508 margine
928 1424 1022 1488 unius
1046 1424 1173 1502 codicia,
1197 1422 1253 1487 ubi
1277 1423 1390 1487 vitiosa

202 1544 318 1629 legitur
341 1544 529 1609 »adducat'’.

737 1730 856 1795 XXIV.

246 1874 320 1940 Tac.
344 1872 464 1940 Annal.
488 1874 537 1939 XI
564 1875 621 1939 10:

244 1994 305 2071 Qui
329 1994 402 2059 dolo
425 2007 500 2060 ante
523 1997 699 2081 composito
721 1997 886 2061 incautum
910 1997 1136 2081 venationique
1155 1995 1318 2060 inlenlum
1336 1996 1389 2060 in-

199 2118 364 2201 lerfeecrc,
400 2118 536 2203 primam
559 2120 645 2183 inlra
665 2120 850 2203 juvenlam,
874 2123 929 2183 sed
951 2119 1141 2184 elariludine
1166 2139 1283 2203 paucos
1306 2118 1390 2183 inler

200 2262 311 2305 senum
335 2260 465 2325 regum,
489 2241 516 2304 si
539 2241 669 2325 perinde
691 2261 831 2305 amorem
854 2242 938 2305 iuter
961 2240 1128 2326 populares
1150 2262 1246 2325 quam
1272 2243 1389 2304 melum

200 2363 284 2448 apud
307 2362 413 2426 hostes
436 2361 652 2452 quaesivisset.

246 2482 352 2560 Inter,
376 2483 499 2567 corrige
521 2483 665 2569 ›infrc''.

746 2665 848 2733 XXV.

247 2811 329 2875 lbid.
353 2809 434 2875 XVI
458 2810 519 2876 21:

246 2932 326 3009 Quia
357 2932 440 2997 idem
471 2930 610 2997 Thrasea
640 2932 881 3021 Pataviiljunde
910 2936 999 2998 orius
1022 2935 1090 2997 erad
1113 2932 1197 2998 ludis
1221 2934 1349 2999 celastis
1373 2957 1391 2998 a

198 3055 337 3120 Troiano
360 3054 526 3119 Antenore
548 3055 704 3120 instilulia
728 3054 841 3120 habiiu
864 3056 987 3140 tragico
1011 3056 1183 3121 cecinerat.
1268 3049 1271 3053 ’

243 3175 423 3243 >Calculis''
456 3181 640 3261 corrupium
671 3180 735 3255 eei3
770 3177 886 3243 collalo
918 3177 1061 3255 Suetonii
1084 3178 1141 3241 vil.
1167 3175 1267 3262 (lolig.
1291 3201 1317 3243 c.
1345 3180 1386 3242 20

200 3299 433 3364 emendandum
458 3304 505 3364 eat
529 3301 686 3366 aarum&

738 3478 858 3549 XXVI.

247 3625 379 3701 Quintil.
402 3623 433 3688 X
458 3627 495 3709 3,
523 3626 581 3688 10:

248 3748 308 3811 Sed
339 3750 407 3811 lum
431 3746 583 3828 maxime,
609 3768 680 3811 cum
704 3746 839 3811 lucullus
861 3746 918 3810 illa
941 3747 1128 3831 contigerit,
1152 3747 1335 3811 resistamus
1359 3752 1391 3812 ct

201 3867 422 3953 provideamus
445 3872 477 3932 el
499 3867 635 3932 ferentes
659 3889 755 3952 equos
779 3867 878 3933 frenis
900 3868 1090 3952 quibusdam
1113 3889 1322 3936 coerceamus.

247 3990 470 4057 Scribendum:
495 3989 737 4075 »provideamus
760 4004 795 4056 ut
812 3992 999 4077 ferventer''.
1267 3969 1269 3974 Ι

707 4335 899 4347 *-
