3250 5217
817 403 881 469 116

287 582 370 659 Quid
390 584 559 669 Euripides
578 584 706 669 proprie
719 583 758 648 de
770 584 968 649 divinatione
979 586 1123 662 senserit,
1137 607 1154 650 e
1168 585 1299 650 diversis
1310 584 1359 649 his
1371 588 1434 648 tes-

243 691 386 756 timoniis
406 692 594 756 concludere
606 691 826 755 difficillimum
839 696 887 756 est
895 712 903 768 ;
917 690 1052 756 fortasse
1064 693 1158 757 modo
1168 692 1229 756 hoc
1240 694 1334 755 modo
1345 691 1435 757 illud.

243 794 392 880 Suspicor
411 800 518 861 tamen
532 797 668 861 euantii
686 796 772 861 illius
792 796 937 861 oratione
957 818 1064 861 veram
1083 797 1275 861 sententiam
1293 797 1435 862 omnium

243 903 363 986 optime
375 925 537 987 apparere.
550 901 611 978 Qui
622 905 723 968 totam
737 903 968 986 mythologiam
981 906 1048 967 tam
1060 902 1152 987 parvi
1163 903 1310 978 faciebat,
1324 902 1350 966 is
1362 923 1437 986 pro·

242 1007 326 1072 fecto
346 1008 536 1074 divinationi
555 1009 677 1073 nullam
698 1031 796 1094 prope
817 1009 881 1074 vim
894 1014 927 1073 et
938 1010 1103 1075 veritatem
1118 1013 1244 1093 poterat
1256 1009 1437 1091 assignare3

245 1114 400 1198 siquidem
424 1116 518 1178 etiam
531 1115 566 1178 in
579 1114 679 1179 Iliade
689 1163 697 1191 ,
709 1135 774 1199 quo
787 1114 913 1179 saeculo
925 1135 1019 1179 nemo
1032 1114 1174 1199 profecto
1186 1118 1225 1178 de
1238 1114 1298 1177 diis
1311 1113 1440 1177 dubita-

243 1219 315 1302 bat,
337 1219 457 1284 Hector
470 1224 606 1285 testatur
618 1243 651 1285 se
663 1221 769 1285 avium
783 1220 926 1285 volatum
941 1220 1021 1284 nihil
1034 1242 1158 1304 curare,
1175 1219 1321 1284 namhoc
1335 1219 1438 1283 solum

243 1327 411 1410 augurium
433 1328 627 1411 sequendum
646 1348 732 1393 esse:
746 1329 916 1404 ἀμύνεσθαι
929 1328 996 1407 περὶ
1010 1328 1129 1408 πάτρης
1142 1326 1221 1412 (Xll
1234 1327 1437 1411 238-243).

616 1516 635 1589 g
660 1512 689 1574 6.
715 1509 766 1575 De
788 1522 905 1574 natura
927 1513 1064 1575 deorum.

289 1645 547 1711 Consentaneum
571 1649 640 1711 erat
662 1646 867 1731 Euripidem,
891 1652 1060 1731 postquam
1080 1647 1159 1711 vitia
1178 1647 1212 1711 in
1233 1650 1309 1710 deos
1328 1647 1439 1710 cadere

243 1753 390 1836 negavit,
417 1774 491 1817 mox
515 1774 625 1817 omnes
649 1752 773 1817 fabulas
796 1752 924 1835 rejicere
948 1775 1029 1837 quae
1047 1753 1186 1816 indolem
1209 1752 1383 1817 humanam
1400 1751 1439 1815 iis

242 1858 456 1936 ascriberent,
488 1858 612 1922 etiamsi
644 1879 710 1921 non
739 1880 838 1942 prava
861 1862 1147 1923 commemorarent
1154 1879 1161 1935 ;
1188 1859 1311 1922 dixerat
1333 1857 1436 1921 enim:

242 1965 341 2029 δεῖται
374 1965 436 2042 γὰρ
470 1966 483 2029 ὃ
509 1967 589 2041 θεὸς,
615 1962 699 2041 εἴπερ
726 1965 790 2027 ἐστ’
814 1963 903 2035 ὅντως
929 1964 1009 2041 θεὸς,
1033 1963 1157 2034 οὐδενός.
1183 1963 1317 2029 Hecuba
1338 1965 1440 2049 igitur

243 2070 372 2155 (Troad.
402 2071 463 2137 971
498 2073 582 2156 sqq.)
618 2070 702 2134 ridet
725 2070 942 2135 narrationem
966 2074 1004 2135 de
1026 2070 1122 2134 trium
1147 2073 1276 2135 dearum
1298 2070 1439 2137 Junonis

241 2174 403 2241 Minervae
423 2176 558 2241 Veneris
578 2176 784 2240 contentione
798 2174 835 2261 ¹).
856 2175 937 2239 Tum
958 2176 1064 2240 studia
1075 2176 1234 2240 naturalia
1245 2177 1331 2240 haud
1344 2177 1439 2241 dubie

241 2282 417 2346 monebant
440 2288 566 2366 poetam
588 2304 628 2345 ne
647 2282 742 2345 fidem
762 2280 895 2345 haberet
912 2281 1030 2345 fabulis
1048 2282 1322 2365 improbabilibus.
1343 2281 1438 2348 Unde

241 2386 364 2452 Helena
399 2388 469 2471 ipsa
499 2388 625 2451 dubitat
655 2409 688 2451 se
719 2409 757 2451 ex
782 2408 843 2450 ovo
868 2392 977 2451 natam
1000 2410 1067 2452 esse
1089 2391 1197 2472 (cogn.
1222 2388 1285 2453 lab.
1310 2410 1341 2451 v.
1368 2390 1436 2472 21).

240 2492 368 2557 Electra
391 2496 497 2577 (cogn.
530 2492 596 2557 lab.
628 2516 656 2558 v.
694 2493 756 2556 737
786 2495 849 2577 sq.)
874 2514 939 2557 non
964 2493 1034 2557 vult
1056 2497 1181 2558 credere
1204 2493 1302 2558 solem
1326 2494 1359 2558 in
1385 2495 1438 2558 via

241 2602 454 2664 retroversum
478 2620 544 2663 esse
568 2622 609 2663 ne
633 2620 743 2663 cenam
769 2597 929 2682 Thyestae
952 2599 1081 2664 videret.
1107 2599 1438 2686 Fragmento(508)e

240 2704 423 2789 Melanippe
443 2707 568 2769 servato
589 2705 711 2769 ridetur
730 2704 840 2788 opinio
861 2704 939 2769 vitia
957 2706 1098 2769 humana
1116 2706 1150 2770 in
1170 2706 1289 2770 tabulis
1306 2706 1438 2771 inscribi

240 2813 273 2875 et
295 2833 314 2875 a
335 2810 416 2876 Jove
439 2811 631 2895 perlustrata
656 2810 781 2893 puniri,
807 2811 887 2883 Δίκη
913 2832 986 2875 vero
1012 2832 1110 2896 prope
1133 2811 1226 2876 nobis
1248 2812 1369 2876 instare
1387 2812 1436 2875 di·

240 2916 337 3001 citur,
364 2916 390 2981 si
414 2917 583 3000 diligenter
605 2916 724 2981 intueri
748 2916 881 2980 velimus
906 2917 958 3000 (cf,
981 2918 1077 2982 etiarn
1098 2917 1137 2981 fr.
1152 2919 1215 2983 257
1230 2940 1268 2981 ex
1281 2917 1433 3004 Archel.).

284 3020 346 3087 His
377 3043 450 3086 vero
482 3021 631 3086 omnibus
663 3022 788 3107 negatis
818 3044 883 3085 non
916 3023 1052 3107 amplius
1083 3024 1112 3087 ei
1141 3026 1288 3114 constare
1308 3026 1436 3108 poterat

240 3129 329 3193 cuius
361 3129 490 3192 tandem
523 3133 656 3193 naturae
687 3132 792 3193 essent
822 3129 883 3204 dii,
919 3126 958 3176 -’-
992 3152 1034 3192 an
1066 3130 1198 3193 omnino
1229 3135 1352 3207 esseut,
1380 3130 1435 3214 qui

240 3235 459 3312 traderentur;
481 3237 566 3318 quod
585 3234 768 3318 frequenter
787 3234 898 3317 paucis
917 3235 1022 3298 verbis
1036 3236 1199 3299 indicavit.
1220 3236 1272 3301 Sic
1283 3235 1436 3301 Hercules

240 3340 287 3405 ait
310 3340 418 3426 (Herc.
443 3341 465 3406 f.
494 3342 610 3425 1263):

412 3445 486 3518 Ζεὺς
513 3447 549 3523 δ’,
574 3444 686 3517 ὅστις
713 3445 727 3511 ὃ
751 3444 869 3523 Ζεὺς,
894 3446 1038 3523 πολέμιόν
1062 3452 1097 3525 μ’
1121 3448 1263 3525 ἐγείνατο

407 3550 421 3577 r
502 3550 514 3587 2

286 3659 410 3724 Pariter
422 3554 555 3743 ἱ1111ἑὶ1111
576 3658 611 3723 in
637 3657 747 3723 Oreste
770 3660 878 3745 (418):

411 3766 593 3843 δουλεύομεν
618 3766 708 3851 θεοῖς,
734 3762 752 3829 d
776 3790 812 3829 τι
838 3769 921 3831 ποτ’
944 3768 1048 3831 εἰσὶν
1071 3769 1105 3832 οἱ
1130 3769 1220 3833 θεοί.

242 3899 427 3909 ...------

275 3957 303 4020 1)
322 3956 393 4004 Nihil
417 3955 467 4003 eins
490 3956 637 4019 argumentis
657 3961 693 4007 est
709 3957 814 4022 ineptius
831 3943 860 4007 ct·
869 3958 982 4007 insulsius
987 3980 995 4016 ;
1012 3958 1145 4007 ,Junoncm
1157 3957 1208 4021 jam
1222 3959 1309 4008 summi
1323 3958 1361 4007 dei
1375 3974 1434 4007 uxo·

240 4053 291 4087 rem
307 4052 369 4095 esse,
385 4036 523 4086 Minervam
538 4042 617 4087 antem
632 4039 768 4088 castitatem
782 4055 889 4100 servarc;
904 4041 986 4089 nentri
998 4040 1074 4104 igitur
1081 4056 1187 4089 amorem
1195 4042 1285 4089 formae
1293 4056 1353 4107 opus
1360 4039 1434 4089 esse''.

274 4122 302 4185 2)
327 4120 426 4169 Veritus
443 4123 523 4170 autem
541 4136 571 4171 ne
588 4121 667 4170 laedet
685 4122 884 4187 amphitryonem
902 4123 1052 4187 (vitricum),
1070 4123 1116 4172 nisi
1133 4124 1189 4172 Jovi
1206 4127 1333 4189 paternum
1349 4138 1435 4172 nomen

240 4218 337 4268 prorsus
355 4204 467 4267 deneget,
485 4203 563 4255 addit:

642 4288 676 4335 σὺ
693 4286 779 4349 μέντοι
801 4286 877 4349 μηδὲν
894 4287 1032 4352 ἀχθεσθῇς,
1049 4286 1133 4350 γέρον·

544 4367 642 4430 πατέρα
659 4370 708 4434 γὰρ
725 4368 784 4419 ἀντὶ
802 4373 875 4428 Ζηνὸς
892 4368 1007 4432 ἡγοῦμαί
1019 4370 1044 4417 r’
1063 4368 1122 4432 ἐγώ.

276 4452 365 4501 Beatus
382 4451 424 4500 ille
440 4451 481 4515 qui
500 4451 560 4500 duos
579 4452 651 4501 simul
669 4452 754 4502 babeat
770 4457 863 4518 patres,
882 4453 986 4502 alterum
1002 4453 1070 4516 qnasi
1086 4454 1225 4514 suffectum,
1241 4470 1270 4502 ne
1287 4453 1365 4503 altero
1381 4454 1437 4503 deli·

237 4535 315 4585 ciente
333 4534 404 4585 orbus
420 4536 464 4583 sitl
1241 4534 1247 4542 '
