3250 5217
899 389 938 417 201·
972 417 979 429 ⁸
1015 410 1024 424 ,
1067 404 1180 437 .ιοσ.σ.
1194 400 1232 432 n·
1246 402 1268 434 ο.
1287 403 1296 418 ο
1350 400 1359 414 0

892 434 900 447 a
1194 436 1202 448 ι
1246 434 1255 448 0
1287 431 1319 445 11
1357 428 1366 443 0

744 446 804 511 101
896 470 900 481 ’
966 446 995 489 1ἰ
1015 444 1025 490 ἰ
1068 440 1118 486 :³⁶
1135 456 1145 470 ⁹
1174 446 1231 489 ⁰⁹⁸:
1246 448 1296 489 ’.ι’
1311 458 1320 472 ”
1338 462 1362 487 ⁸·

904 498 938 523 ⁸1⁸
958 484 982 524 ’,θ
1048 502 1077 520 *¹¹
1099 503 1102 514 ,
1141 482 1179 511 ἰ.
1195 498 1204 510 0
1227 498 1236 513 ι
1287 490 1296 503 ⁰
1331 489 1340 502 ⁹

182 626 306 711 quidem
351 626 497 709 increpat
530 627 615 710 quod
646 626 794 711 neglecta
825 628 914 690 omni
945 626 1087 691 criminis
1127 627 1370 692 confirmatione

181 732 326 817 protinus
345 732 431 796 diras
453 754 572 816 poenas
596 733 631 796 in
654 732 765 797 filium·
778 734 972 817 imprecatus
994 737 1094 811 esset,
1114 734 1168 798 sed
1187 734 1278 797 addit
1298 755 1370 797 eum

182 838 306 902 veniam
337 840 445 902 tamen
471 839 641 922 impetrare
663 859 772 922 posse;
797 838 953 904 Venerem
977 840 1063 903 enim
1086 860 1205 903 morem
1229 839 1290 905 sibi
1313 860 1370 924 ge·

180 948 300 1009 rentem
325 944 433 1008 omnia
454 944 500 1009 ita
523 944 719 1009 ordinavisse
740 946 840 1029 (1421
867 945 971 1030 sqq.):

825 1052 1000 1132 ἀνθρώποισι
1026 1050 1057 1115 δὲ

475 1158 546 1219 θεῶν
571 1154 708 1220 διδόντων
732 1158 810 1227 εἰκὸς
835 1155 1071 1237 ἐξαμαρτάνειν.

180 1260 358 1347 Hippolyto
382 1266 489 1327 autem
513 1262 559 1326 ait
584 1262 719 1347 (1309):

360 1368 395 1431 ri
420 1367 446 1432 δ’
470 1368 593 1446 εὐγενές
618 1392 652 1432 σε
676 1374 734 1432 τῶν
758 1375 872 1447 <opertis
898 1368 1075 1446 ἀπώλεσεν,
1292 1448 1294 1452 .

180 1473 264 1557 quod
297 1473 436 1538 sentiens
460 1474 528 1558 ipse
555 1475 684 1558 juvenis
708 1474 938 1558 moribundus,
962 1475 1018 1559 qui
1036 1476 1103 1559 jem
1127 1480 1222 1540 antea
1244 1481 1374 1560 questus

179 1583 247 1643 erat
271 1600 304 1644 se
327 1580 468 1643 deseris
491 1580 551 1644 diis
574 1600 710 1663 quorum
729 1581 956 1665 jusjurandum
984 1603 1108 1645 summa
1128 1603 1199 1646 oum
1221 1582 1375 1664 religione

180 1686 367 1749 servavisset
387 1686 489 1770 (1060
511 1688 583 1770 sq.)‚
604 1686 761 1751 exclamat
773 1687 908 1771 (1363):
932 1686 981 1751 »0
993 1686 1121 1770 Jupiter
1132 1688 1261 1752 videsne
1273 1688 1375 1753 haec?

60 1832 62 1837 ·
178 1790 233 1855 ille
269 1812 347 1875 ego,
383 1792 439 1875 qui
470 1796 612 1857 austerus
647 1795 679 1856 et
713 1793 784 1877 pius
817 1813 927 1857 omnes
958 1793 1145 1857 castimonia
1177 1816 1308 1877 supero,
1339 1796 1374 1859 iu

180 1896 382 1961 manifestem
416 1901 550 1961 mortem
586 1900 668 1961 vado
704 1898 763 1962 sub
797 1902 935 1973 terram3
970 1897 1089 1962 frustra
1120 1901 1250 1963 deorum
1275 1901 1374 1964 cnltni

180 2002 322 2067 studui.'’
343 2003 381 2066 ln
401 2003 463 2068 hoo
485 2002 573 2067 luctu
597 2006 764 2087 tantopere
789 2025 899 2068 omnes
924 2003 1057 2069 Veneris
1078 2005 1298 2068 crudelitatem
1322 2007 1373 2069 in-

181 2108 355 2192 dignantur
382 2114 419 2172 ut
446 2130 539 2173 nemo
556 2108 769 2193 Hippolytum
791 2109 957 2193 superbiae
978 2110 1156 2194 amorisque
1187 2114 1374 2193 arroganter

181 2216 278 2298 spreti
313 2217 499 2290 admoneat,
531 2218 563 2279 et
595 2237 636 2279 ne
666 2215 734 2299 ipse
764 2216 894 2298 quidem
925 2215 1023 2279 ullam
1047 2215 1174 2300 culpam
1200 2235 1372 2299 agnoscere

180 2321 324 2385 videatur
337 2317 373 2406 ¹).
398 2319 478 2395 Quid
502 2320 560 2385 fiet
581 2321 714 2405 imperio
738 2322 847 2386 divino
870 2321 915 2386 sic
943 2322 1110 2405 exposito?

223 2426 292 2492 Nec
316 2428 448 2492 materia
467 2426 544 2492 haec
563 2428 672 2491 omnia
692 2428 768 2492 tulit
777 2449 784 2504 ;
808 2428 868 2492 soli
880 2428 1040 2493 tractandi
1052 2428 1171 2493 rationi
1183 2428 1373 2513 imputanda

179 2536 263 2598 sunt.
288 2532 323 2598 Si
343 2533 540 2618 Hippolytus
563 2534 656 2598 nobis
676 2535 898 2599 ostenderetur
918 2539 1037 2619 castus,
1060 2538 1114 2599 sed
1127 2538 1259 2619 propter
1270 2535 1372 2618 ipsam

180 2640 357 2704 castitatem
394 2640 559 2723 superbior
582 2644 613 2703 et
636 2640 749 2705 elatior
773 2641 938 2725 aliquanto
961 2663 1057 2725 quam
1083 2662 1188 2718 nuno,
1217 2641 1373 2725 supplicio

179 2746 339 2811 videretur
365 2746 502 2830 dignior.
527 2746 560 2811 si
588 2745 692 2811 Diana
716 2747 841 2812 abesset
863 2751 896 2811 et
919 2746 983 2811 alio
1008 2748 1146 2831 quodam
1170 2750 1265 2812 modo
1289 2746 1387 2831 Hip-v

180 2853 283 2937 polyti
314 2853 507 2933 innocentia¹
531 2852 696 2936 patefieret
704 2851 740 2936 l)‚
773 2874 840 2916 non
872 2857 1041 2937 appareret
1063 2852 1149 2917 illius
1171 2852 1373 2918 imbecillitas

179 2958 213 3022 in
233 2959 397 3023 servandis
417 2960 536 3025 amicis.
562 2958 622 3024 Sed
644 2962 718 3023 ante
731 2960 838 3022 omnia
851 2958 960 3024 Venus
973 2980 1039 3051 non
1051 2958 1188 3023 debebat
1200 2959 1327 3042 prodire
1337 2959 1373 3022 in

179 3086 316 3130 scenam.
340 3065 401 3130 Vel
427 3064 472 3130 sic
494 3068 603 3130 tamen
623 3065 830 3129 manifestum
849 3066 918 3129 fieri
938 3068 1064 3151 poterat
1086 3086 1156 3129 eam
1172 3084 1294 3149 poenae
1306 3086 1373 3128 esse

178 3173 358 3253 auctorem;
391 3173 471 3235 dura
503 3158 712 3236 nihilominus
744 3170 857 3235 fuisset
890 3172 966 3248 dea,
992 3171 1080 3235 cuius
1105 3169 1226 3234 cultum
1251 3170 1372 3234 nemini

180 3276 342 3360 negligere
372 3277 504 3361 impune
534 3278 660 3362 liceret,
694 3280 747 3342 sed
780 3280 840 3343 dea
871 3280 979 3341 tamon
1009 3280 1041 3341 et
1064 3276 1245 3341 veneranda
1247 3295 1260 3353 ,·
1285 3297 1373 3340 nunc

179 3404 253 3447 vero
284 3384 490 3467 degeneravit
521 3384 556 3448 in
587 3383 752 3448 mulierem
782 3383 961 3467 improbam
989 3387 1023 3446 et
1044 3381 1190 3447 ferocem.
1216 3381 1373 3465 eiigitur

179 3510 227 3554 res
254 3490 302 3553 ita
329 3493 410 3554 esset
440 3491 583 3573 exposita
619 3494 655 3554 ut
689 3492 722 3554 et
750 3489 903 3554 dramatis
936 3510 1090 3573 personae
1121 3492 1154 3553 et
1176 3492 1371 3572 spectatores

178 3594 399 3679 intelligerent
424 3596 525 3678 magis
549 3618 645 3679 quam
666 3618 684 3659 a
704 3595 823 3659 deabus
843 3595 921 3679 ipsis
941 3594 1089 3660 certiores
1109 3593 1371 3658 fierentVeneris

179 3700 302 3765 cultum
336 3700 517 3785 neglectum
548 3701 692 3765 omnium
717 3701 874 3764 malorum
898 3722 1026 3765 causam
1049 3700 1223 3777 exstitisse,
1248 3700 1369 3764 neutris

179 3806 365 3871 criminibus
384 3807 491 3891 impiis
510 3807 598 3871 locus
620 3810 701 3871 esset
723 3807 862 3871 relictus.

222 3911 395 3997 Sophocles
429 3912 571 3999 profecto
603 3912 738 3977 Veneris
767 3917 873 3997 partes
906 3912 1079 3976 emissurus
1111 3913 1198 3989 erat;
1229 3911 1308 3976 fides
1339 3916 1371 3977 et

179 4019 356 4085 reverentia
379 4019 528 4097 deorum,
549 4020 637 4085 ouius
657 4018 751 4083 etiam
773 4019 921 4084 subtilius
942 4041 1037 4104 quam
1057 4018 1234 4083 acutissimi
1251 4018 1373 4102 ingenii

180 4146 245 4189 esse
268 4125 350 4189 solet
368 4125 542 4210 judicium,
567 4148 639 4189 eum
664 4125 858 4190 cohibebant
876 4124 1048 4210 quominus
1065 4125 1158 4190 deum
1178 4124 1315 4209 aliquem
1335 4124 1370 4188 in

213 4315 239 4380 1)
257 4314 327 4363 Solus
347 4315 433 4363 chorus
458 4314 557 4363 Veneris
578 4314 712 4380 potentiam
736 4314 786 4363 sine
802 4315 840 4363 ira
853 4314 959 4364 celebrat
982 4314 1028 4378 (vs.
1048 4315 1113 4365 120⁹
1130 4314 1203 4379 sqq),
1220 4315 1261 4363 scd
1279 4316 1304 4363 ot
1321 4314 1372 4363 sins

178 4396 309 4462 Hippolyti
325 4396 515 4461 reprehensione.

211 4479 238 4539 2)
255 4479 352 4528 Rectius
377 4480 440 4543 apud
466 4480 592 4537 Senecam,
618 4494 688 4544 quem
711 4478 836 4544 Sophoclis
858 4479 991 4527 Phaedram
1014 4478 1137 4527 inritatum
1160 4493 1210 4527 essa
1238 4477 1371 4542 suspicatur

179 4560 274 4619 Valch„
292 4561 401 4609 Phaedra
417 4560 468 4625 ipsa
485 4561 540 4610 viva
557 4561 633 4610 adhuc
649 4565 703 4625 post
721 4561 882 4627 Hippolytum
900 4562 1021 4611 mortum
1038 4560 1133 4625 culpam
1150 4575 1217 4609 suam
1232 4561 1369 4624 profitetur.
