3250 5217
408 288 414 302 1
472 295 481 309 .
525 297 534 312 .
579 287 588 303 0
747 292 755 303 ι

365 307 553 355 ...θ’...ῃθ
583 307 660 355 οῃτε
704 314 761 339 01,
828 312 837 317 ”
867 318 871 325 ’

406 346 439 365 0⁰
471 351 499 376 οι
523 358 530 371 .
548 346 558 361 0
624 368 634 385 '
651 344 754 395 ···:·t·
794 343 836 403 1μί
864 390 884 457 2

273 575 378 639 minus
400 575 548 640 incidunt
569 576 604 639 iu
630 576 853 639 meditationes
876 598 971 660 quam
991 575 1015 638 ii
1035 576 1090 659 qui
1110 576 1143 638 in
1161 574 1339 639 scholarum
1353 575 1468 639 umbra

272 683 305 743 et
328 681 394 745 otio
420 682 533 745 vivunt
556 681 671 745 mentis
692 681 972 746 exercitationibus
991 681 1108 756 dediti3
1129 680 1227 745 veluti
1246 681 1300 764 qui
1319 681 1354 743 in
1373 680 1468 744 litore

271 784 443 850 reclinatus
467 786 577 870 procul
602 786 838 869 contemplatur
859 807 972 849 navem
995 784 1146 849 fluctibus
1162 785 1328 869 jactatam,
1341 784 1467 866 facilius

271 890 434 955 inducitur
463 892 498 955 in
529 892 747 976 reputationes
773 892 812 955 de
837 891 1053 976 navigationis
1077 891 1208 955 audacia
1233 891 1377 973 vitaeque
1399 890 1466 953 fra-

272 995 397 1080 gilitate
420 1019 516 1081 quam
540 1000 656 1061 nautae
680 997 741 1081 ipsi
760 1000 888 1061 strenue
909 998 1050 1061 nitentes
1069 1019 1110 1061 ne
1130 996 1275 1081 procellis
1294 996 1466 1062 vehemen-

271 1101 357 1166 tibus
381 1103 527 1186 depressa
550 1104 658 1167 carina
682 1104 775 1168 undis
799 1107 972 1188 mergatur.

316 1207 385 1273 Nec
415 1213 493 1273 tunc
522 1210 724 1292 quaestiones
751 1210 789 1273 de
809 1231 915 1274 rerum
940 1213 1072 1286 natura,
1097 1212 1136 1273 de
1160 1210 1226 1273 vita
1249 1210 1400 1293 humana,
1426 1213 1466 1276 de

270 1313 394 1398 origine
416 1314 491 1378 mali
515 1315 681 1379 hominum
706 1315 822 1379 animis
843 1337 1005 1399 surrepere
1025 1316 1130 1379 solent
1148 1338 1246 1399 quum
1265 1315 1377 1400 religio
1397 1321 1464 1381 sta-

269 1419 343 1483 bilis
367 1424 399 1484 et
422 1442 586 1505 expressa,
611 1424 706 1504 atque
730 1443 749 1484 a
773 1420 862 1485 nullo
889 1421 922 1484 in
946 1421 1078 1484 dubium
1107 1425 1232 1504 vocata,
1254 1422 1465 1487 maximarum

269 1547 374 1589 rerum
406 1526 616 1610 explicatione
647 1526 795 1590 fiduciam
821 1526 913 1589 affert
936 1526 1060 1610 imperii
1084 1527 1200 1602 divini,
1225 1532 1409 1592 constanter
1433 1534 1466 1592 et

270 1630 403 1695 firmiter
433 1632 588 1696 mundum
613 1632 825 1709 moderantia,
851 1633 906 1696 sed
930 1635 1009 1695 tunc
1032 1632 1232 1717 praesertim,
1259 1656 1356 1717 quum
1381 1635 1464 1699 divi-

269 1760 382 1802 narum
415 1761 519 1803 rerum
551 1739 701 1802 scientiae
733 1760 798 1802 non
830 1738 966 1822 amplius
993 1737 1070 1801 fides
1094 1738 1239 1805 habetur.
1263 1737 1348 1803 Nam
1371 1742 1465 1824 quasi

268 1847 381 1908 mutua
411 1847 549 1928 quadam
574 1846 605 1908 vi
629 1844 761 1908 simulac
781 1844 1021 1927 quaestionibus
1045 1845 1176 1908 curiosis
1198 1845 1361 1926 religionis
1384 1845 1464 1911 fides

268 1954 317 2014 est
350 1950 561 2027 labefactata,
597 1971 633 2014 eo
667 1950 737 2033 ipso
773 1950 871 2013 latius
905 1954 1038 2034 serpunt
1060 1953 1093 2013 et
1124 1950 1277 2014 labuntur
1300 1953 1463 2034 quaestio-

267 2079 323 2121 nes
355 2060 388 2120 et
417 2057 643 2123 dubitationes.
671 2056 785 2139 Itaque
809 2056 1011 2141 philosophia
1034 2078 1136 2140 neque
1159 2077 1309 2138 umquam
1334 2077 1463 2140 prorsus

263 2163 351 2246 jacet
381 2164 533 2247 quamdiu
557 2163 765 2228 inveniuntur
790 2162 849 2226 viri
873 2163 929 2246 qui
953 2184 1001 2225 res
1026 2160 1207 2226 subtiliores
1231 2165 1263 2224 et
1289 2164 1463 2228 reconditi-

267 2291 354 2345 ores,
383 2269 473 2333 nulla
497 2270 650 2352 religione
674 2268 865 2351 explicatas,
890 2267 1104 2351 pervestigare
1128 2267 1280 2349 cupiunt,
1307 2290 1365 2332 nec
1389 2292 1464 2334 vero

267 2397 419 2458 umquam
444 2375 546 2458 magis
571 2375 734 2438 universos
757 2378 894 2455 occupat
918 2373 1042 2435 animos
1066 2394 1161 2456 quam
1180 2372 1235 2436 ubi
1253 2380 1464 2441 evanescente

266 2480 416 2563 opinione
440 2479 565 2561 vulgari
589 2480 627 2542 de
651 2479 711 2542 diis
733 2479 830 2542 etiam
853 2478 1058 2560 gravissimae
1079 2478 1278 2562 quaestiones
1298 2480 1463 2546 demundi

265 2585 489 2669 procuratione
502 2588 535 2648 et
546 2584 822 2647 administratione
835 2603 951 2646 novam
963 2582 1260 2665 interpretationem
1269 2585 1462 2651 desiderant.

311 2689 568 2773 Uniuscuiusque
598 2687 709 2773 populi
740 2688 875 2752 historia
904 2687 982 2751 talia
1004 2687 1100 2751 babet
1121 2693 1283 2772 tempora;
1310 2691 1463 2755 nimirum

266 2800 408 2860 veterum
444 2816 571 2880 quoque
602 2794 812 2870 Graecorum,
839 2793 956 2876 quibus
979 2791 1044 2856 fere
1067 2793 1142 2856 inde
1166 2792 1207 2856 ab
1231 2792 1282 2857 01.
1306 2796 1349 2859 80
1374 2797 1462 2860 anti-

266 2892 347 2985 quae
370 2904 454 2967 vitae
476 2902 618 2965 rationes
641 2900 721 2964 solvi
746 2904 778 2963 et
801 2920 946 2963 corruere
971 2902 1153 2983 coeperunt.

311 3009 402 3073 Inter
432 3008 515 3072 viros
547 3010 625 3071 tunc
657 3005 846 3088 conspicuos
872 3026 938 3068 non
962 3005 1219 3069 obscurissimum
1243 3008 1333 3069 tenet
1355 3005 1460 3072 locum

265 3113 433 3197 Euripides
464 3115 559 3197 poeta
589 3110 748 3195 tragicus,
781 3110 817 3173 in
847 3131 952 3173 rerum
984 3110 1163 3174 divinarum
1191 3112 1224 3173 et
1247 3109 1461 3176 humanarum

249 3218 451 3282 'vulneribus
474 3215 667 3301 indagandis
690 3219 723 3279 et
745 3215 974 3300 patefaciendis
996 3216 1155 3298 princeps,
1177 3215 1335 3279 variorum
1358 3239 1461 3283 reme-

266 3324 391 3387 diorum
421 3324 632 3407 investigator
655 3322 756 3386 acrior
780 3343 877 3406 quarn
903 3321 1042 3405 peritior,
1071 3321 1215 3384 assiduus
1239 3323 1341 3405 magis
1364 3346 1461 3408 quam

265 3430 356 3508 felix,
378 3431 433 3494 sed
457 3434 548 3493 tanta
572 3432 656 3493 certe
684 3427 857 3511 sapientiae
878 3425 970 3490 laude
995 3426 1112 3490 florens
1135 3429 1173 3489 ut
1194 3429 1358 3491 oraculum
1384 3428 1460 3494 Del-

264 3535 393 3619 phicum
415 3558 486 3601 eum
510 3535 627 3600 bacin
650 3556 683 3597 re
709 3533 832 3599 Socrati
856 3532 1027 3595 secundum
1052 3535 1186 3596 vocaret.
1201 3529 1227 3617 ¹)

311 3640 415 3705 Huius
446 3641 481 3704 in
512 3641 638 3724 scriptis
668 3640 769 3724 igitur
792 3659 902 3703 omnes
925 3638 1126 3722 quaestiones
1149 3659 1231 3721 quae
1254 3640 1295 3703 ab
1318 3662 1355 3705 eo
1378 3646 1461 3705 tem-

264 3768 341 3830 pore
377 3744 570 3835 Graecorum
601 3747 724 3810 animos
753 3744 925 3808 sollicitare
948 3745 1122 3827 coeperunt
1144 3744 1306 3826 expositae
1330 3749 1363 3809 et
1385 3768 1460 3811 exa-

265 3852 404 3918 minatae
429 3853 527 3917 videri
550 3856 696 3937 possunt.

310 3959 413 4035 Quare
452 3981 566 4044 operae
608 3960 745 4044 pretium
789 3962 837 4022 est
880 3956 1040 4038 inquirere
1084 3955 1161 4038 quid
1199 3955 1239 4018 de
1269 3980 1396 4043 quaque
1427 3983 1462 4027 re

264 4067 413 4143 senserit,
444 4072 599 4150 quantum
631 4090 650 4131 a
674 4064 889 4149 superioribus
912 4060 1107 4137 discesserit,
1131 4064 1165 4124 et
1187 4061 1247 4126 hac
1270 4086 1397 4148 quoque
1421 4071 1462 4132 de

264 4194 359 4237 causa
382 4171 584 4236 utilissimum
609 4174 693 4255 quod
716 4171 793 4233 haec
819 4172 929 4231 nostra
953 4169 1049 4243 aetas,
1075 4167 1183 4231 multis
1206 4168 1243 4231 in
1265 4170 1360 4233 rebus
1371 4171 1460 4239 illius

262 4306 463 4317 Q

299 4365 325 4426 l)
343 4364 374 4412 V.
390 4362 469 4410 Schol.
489 4362 515 4409 in
535 4359 655 4424 Aristoph.
674 4357 738 4407 Nub.
756 4359 806 4406 144

572 4441 648 4502 σοφὸς
664 4441 802 4502 Σοφοκλῆς,
821 4437 961 4500 σοφώτερος
980 4437 1002 4486 δ’
1022 4437 1167 4501 Εὐριπίδης·

571 4520 660 4583 ἀνδρῶν
678 4520 705 4570 δὲ
723 4520 822 4570 πάντων
839 4520 968 4582 Σωκράτης
987 4520 1143 4584 σοφώτατος.
