3250 5217
757 428 799 494 59

183 611 269 677 Phil.
293 610 354 679 ΠΙ.
380 611 413 697 9)
439 612 464 676 ol
488 610 537 689 δὲ,
563 612 626 690 ait,
650 613 848 693 ηνητιιίτερον
872 614 972 679 αὐτῶν
995 615 1066 695 (τῶν
1087 614 1298 695 Πνίοιηοριίιον
1318 617 1376 701 sc.)

181 717 401 798 μετασχόντες
432 723 492 799 πῦρ
525 718 581 797 μὲν
612 719 642 782 ἕν
671 722 712 800 τῷ
744 720 828 802 μίοιρ
853 720 977 799 λέγοντι
1003 724 1058 795 την
1081 723 1297 802 δημιουργικὴν
1321 722 1374 788 διί-

181 850 274 903 νοιμιν
298 828 353 899 την
385 826 427 889 ἐκ
450 824 576 904 μέσον
600 830 736 891 aaran
762 828 831 902 την
859 833 933 905 γῆν
958 826 1239 907 ζονογονοῦτοον
1262 828 1315 893 acl
1338 831 1373 894 τὸ

181 932 405 1010 ἀπεψυγμένον
432 932 529 1006 adroic
552 932 796 1008 ιίνοιίοίλποντοιν
809 934 847 1019 ¹).

228 1037 309 1116 Sed,
335 1040 373 1101 ut
396 1037 477 1116 dixi,
502 1037 579 1103 certi
602 1022 684 1103 nihil
707 1061 745 1105 ex
768 1040 819 1104 his
842 1039 995 1124 consequi
1017 1060 1193 1124 possumus.
1240 1025 1243 1030 ¹

632 1598 819 1682 CAPUT
849 1601 931 1683 ΙΙΙ.

531 1830 825 1880 METEOROLOGICA
850 1830 1034 1883 Quaenam,

228 1999 318 2065 Hinc
339 1999 450 2064 trahor
470 2000 509 2064 ad
529 2022 631 2085 pauca
643 2000 747 2088 ¹rerba
767 2000 864 2085 vulgo
884 2000 986 2065 relate
1007 2002 1046 2063 ad
1067 1999 1226 2084 quoddam
1247 1996 1378 2062 Anaxa-

183 2127 282 2191 gorae
301 2106 473 2191 placitum,
493 2108 578 2192 quod
599 2106 713 2171 dieitur
733 2107 936 2172 vehementer
949 2106 1150 2191 perturbasse
1162 2105 1276 2170 civium
1288 2126 1379 2168 men-

183 2216 242 2277 tes.
262 2210 358 2296 Diog.
379 2212 415 2279 L.
435 2214 471 2277 in
483 2211 694 2298 Anaxagorae
706 2213 789 2292 rite,
806 2212 849 2277 Π.
865 2214 922 2289 10,
936 2212 1013 2277 haec
1025 2212 1137 2276 refert:
1153 2210 1233 2292 φοοδ
1247 2212 1274 2276 δ’
1286 2210 1378 2276 αὑτὸν

116 2308 119 2315 ’
183 2325 337 2398 προειπεῖν
359 2320 413 2393 την
438 2318 503 2398 περί
529 2308 626 2396 Alybe
652 2318 793 2396 ποτοομὸν
817 2318 982 2397 γενομένην
1005 2323 1058 2382 τοῦ
1084 2318 1166 2382 aldor
1190 2323 1324 2393 πτῶσιν,
1348 2307 1378 2380 ἓν

184 2420 271 2489 εἶπεν
303 2424 336 2487 ἐκ
369 2428 422 2489 τοῦ
455 2424 540 2500 ἡλίου
571 2426 737 2490 πεσεῖσθαι.
772 2422 836 2491 ὅθεν
862 2426 913 2489 κοί
938 2424 1104 2502 Εὐριπίδην
1135 2423 1275 2500 μοίητην
1304 2420 1378 2486 ὅντοι

184 2528 323 2612 χροτίοιν
354 2531 453 2609 βῶλον
485 2532 581 2597 εἰπεῖν
612 2531 663 2595 τὸν
688 2528 768 2605 ίίλιον
793 2534 823 2596 ἐν
848 2530 1003 2598 Φοίίοντι.
1028 2529 1197 2616 Euripides
1220 2529 1321 2615 igitur
1343 2529 1379 2592 in

184 2636 389 2701 Phaethonte
413 2637 510 2701 solem
534 2636 615 2701 dixit
638 2658 704 2702 asse
728 2659 855 2702 auream
880 2638 1016 2722 glebam.
1039 2635 1226 2721 Priusquam
1248 2638 1288 2700 ad
1308 2635 1378 2719 ipsa

184 2743 284 2809 verba
302 2742 472 2827 Euripidae
492 2747 677 2808 accedamus
696 2743 835 2809 breviter
855 2745 894 2809 de
914 2745 1119 2828 praeceptore
1130 2743 1303 2807 ridendum
1318 2744 1376 2808 est.

231 2849 322 2915 Alibi
353 2848 514 2934 Diogenes
546 2851 683 2914 testetur
715 2849 770 2935 (Il.
808 2851 863 2937 12)
888 2850 975 2915 hunc
997 2850 1095 2914 solem
1122 2870 1249 2914 vocasse
1272 2847 1381 2928 μύδρον

185 2955 349 3034 διοίπνρονς
368 2956 453 3040 quod
474 2952 669 3022 Clazomenii
688 2955 842 3040 placitum
862 2959 941 3021 adeo
962 2956 1115 3020 inclaruit
1134 2958 1171 3020 ut
1191 2977 1211 3018 a
1231 2954 1379 3039 plurimis

186 3065 451 3127 commemoretur
479 3061 687 3146 scriptoribus
711 3062 860 3147 (quorum
884 3062 971 3128 locos
994 3064 1060 3148 vid,
1084 3062 1167 3146 apud
1192 3060 1381 3126 Schaubach

185 3192 218 3253 p.
242 3169 306 3232 139
327 3190 393 3253 sq.;
415 3168 493 3232 mihi
511 3168 679 3233 Platonem
700 3168 796 3253 Apol.
820 3171 862 3233 14
879 3171 912 3233 et
924 3168 1175 3253 Xenophontem
1187 3168 1320 3234 Mamor.
1334 3165 1380 3232 IV

183 3277 313 3339 tantum
333 3273 548 3339 nominarisse
568 3273 653 3339 ratis
665 3277 735 3360 est).
756 3273 825 3340 Nec
845 3275 976 3352 mirum,
998 3275 1152 3360 siquidem
1174 3275 1378 3339 dicitureuc-

185 3380 248 3445 tori
274 3380 507 3445 accusationem
530 3384 562 3445 et
585 3380 728 3444 exsilium
753 3381 956 3446 contraxisse.

233 3484 360 3551 Novum
393 3506 468 3569 ergo
492 3489 525 3550 et
546 3486 728 3551 inauditum
751 3490 821 3551 erat
844 3486 905 3552 boc
929 3487 1083 3572 placitum
1106 3486 1295 3572 physicum?
1319 3484 1381 3550 llli·

190 3591 277 3656 nime
299 3614 384 3659 vero.
411 3590 607 3677 Quicumque
639 3596 834 3677 cognoverat
857 3594 1020 3659 doctrinas
1043 3593 1307 3679 philosophorum
1330 3593 1382 3677 ig·

193 3719 307 3763 norare
327 3720 394 3764 non
418 3701 545 3782 poteret
560 3699 749 3783 jamdudum
770 3699 850 3764 coeli
870 3699 1071 3785 phenomene
1091 3702 1131 3764 ad
1151 3722 1260 3765 causas
1273 3698 1382 3784 phyai-

194 3826 246 3869 ces
278 3805 386 3870 omnia
416 3802 608 3890 revoceri’).
637 3804 838 3871 Democritus
867 3806 935 3891 ipse
964 3807 1122 3871 invidiose
1145 3806 1260 3870 dixisse
1283 3805 1384 3870 fertur

228 4077 251 4134 l)
268 4074 306 4125 Ex
330 4075 393 4124 hisce
419 4075 499 4124 Procli
524 4075 561 4140 (in
588 4074 679 4125 Euclid.
705 4074 780 4125 Elem.
803 4072 864 4141 48):
889 4072 932 4123 aci
954 4074 1013 4135 πρὸς
1038 4072 1139 4132 τούτοις
1155 4074 1168 4122 δ
1185 4076 1309 4132 Φιλόλαος
1325 4075 1384 4123 κατ’

193 4154 272 4213 {dabar
295 4153 414 4217 ἐπιβολὴν
436 4156 482 4213 την
505 4160 552 4206 τοῦ
575 4154 733 4219 τεπροιγίινον
756 4156 847 4220 γωνίαν
871 4156 941 4214 Ῥέας
964 4156 1008 4205 nai
1030 4154 1160 4218 Δήμητρος
1176 4155 1221 4208 nai
1242 4156 1385 4214 Ἕττίιις

192 4236 329 4287 ἀποκαλεῖ·
355 4234 419 4285 διότι
440 4239 490 4301 γὰρ
507 4238 564 4295 τὴν
581 4240 638 4301 γῆν
657 4239 687 4287 τὸ
706 4236 861 4301 τετράγωνον
883 4236 1005 4300 ὑφίττητι
1024 4236 1148 4287 διότικαὶ
1166 4240 1296 4301 ττοιχεῖίν
1313 4235 1383 4287 ἔστιν

191 4318 271 4378 αὐτῆς
292 4318 480 4382 προτεχὲς....
504 4321 589 4369 afficias
612 4321 691 4386 ipsum
713 4321 852 4370 Philolanm
874 4325 966 4371 terrem
983 4337 1077 4371 vocasse
1095 4318 1196 4377 ίττίιινς
1213 4338 1298 4371 verum
1314 4320 1385 4370 dubie

191 4406 226 4451 est
244 4402 315 4451 huius
330 4401 463 4451 testimonii
480 4404 544 4453 fides.

225 4484 252 4546 2)
271 4484 447 4533 Anaximander
464 4486 576 4534 docuerat
592 4483 670 4533 sidera
686 4485 834 4535 concrevisse
849 4501 878 4534 ex
892 4490 946 4534 edre
960 4489 1053 4545 rotato,
1068 4486 1188 4550 solemque
1201 4500 1251 4534 esee
1265 4484 1382 4533 circulum

193 4566 289 4632 plenum
314 4566 376 4631 ignis
402 4566 481 4632 (Pleo.
506 4568 547 4633 ph.
574 4584 612 4632 pg.
638 4568 687 4615 390
700 4567 749 4632 A),
774 4568 915 4617 Heraclitus
930 4568 990 4618 item
1006 4569 1084 4617 sidere
1100 4568 1201 4631 conjecit
1217 4582 1266 4616 cess
1282 4581 1382 4631 corpore
