3250 5217
814 411 858 475 90

183 624 185 628 ·
239 609 321 673 sqq,
348 587 434 654 lore
455 610 536 675 sqq„
558 587 622 675 Ag.
646 587 689 654 56
712 591 805 678 sqq).
830 589 914 656 Dws
937 590 1054 677 ubique
1076 590 1313 675 potentissimos
1331 610 1426 675 prae·

240 694 344 771 dicat3
367 694 509 760 humana
531 694 638 760 omnia
659 696 731 761 όειῖιν
754 698 785 761 ἐν
809 697 939 775 γούνασι
964 704 1074 763 κεῖται.

286 799 389 877 Quare
419 801 503 887 apud
530 824 603 867 eum
625 824 749 888 quoque
772 804 941 869 abundant
963 803 1107 889 exempla
1129 802 1294 867 hominum
1317 824 1426 887 super·

243 906 373 985 borum,
398 908 454 993 qui
477 931 574 994 quum
593 909 667 975 deos
688 914 930 976 contemnerent
948 911 1106 995 nimisque
1125 910 1191 975 suis
1209 909 1330 974 viribus
1351 930 1429 975 con-

242 1013 377 1079 fiderent
400 1014 450 1079 rel
473 1016 514 1079 ad
536 1018 655 1080 statum
680 1016 881 1082 excelsiorem
900 1038 996 1103 quam
1014 1036 1073 1102 pro
1091 1037 1196 1097 rerum
1216 1014 1427 1080 humanarum

243 1118 418 1205 fragilitate
444 1122 628 1205 tenderent,
651 1122 785 1208 pessime
807 1124 979 1208 perierunt.
1004 1123 1116 1189 Xerxis
1140 1125 1281 1207 potestas
1304 1122 1429 1208 frangi·

242 1228 297 1289 tur
326 1226 402 1311 quia
431 1225 617 1311 Neptunum
647 1228 829 1294 verberibus
860 1230 988 1294 caedere
1010 1228 1108 1314 (Pers.
1137 1228 1201 1294 745
1225 1228 1309 1315 sqq.)
1334 1250 1428 1293 ausus

243 1336 292 1397 est
321 1353 424 1418 neque
448 1333 483 1398 in
507 1332 638 1399 Graecia
662 1338 792 1399 deorum
814 1335 942 1420 templis
966 1336 1108 1421 pepercit
1130 1334 1220 1420 (ibid.
1246 1335 1311 1401 809
1334 1336 1430 1420 sqq).

243 1435 409 1504 Exercitus
438 1438 603 1505 Persarum
628 1442 712 1526 apud
735 1440 881 1506 Plataeas
902 1442 1044 1506 devictus
1067 1440 1163 1506 tacite
1186 1444 1297 1507 monet
1318 1439 1431 1526 (820):

469 1547 510 1617 ris.
530 1546 593 1627 οὐχ
616 1545 751 1627 ὑπέρφευ
774 1547 877 1621 όννιτὸν
900 1545 975 1612 όντοι
997 1548 1059 1628 χρὴ
1082 1554 1212 1626 Φοονεῑν.

290 1647 491 1736 Capaneum,
520 1673 591 1717 cum
621 1653 727 1738 ipsum
756 1652 870 1720 Jovem
892 1652 996 1719 verbis
1019 1654 1236 1719 audacissimis
1258 1656 1429 1739 provocat,

245 1777 321 1821 mox
342 1758 517 1842 periturum
542 1780 608 1824 esse
629 1758 838 1845 intelligimus
860 1758 961 1845 (Sept.
985 1760 1052 1825 444
1075 1761 1136 1845 eq.)
1149 1756 1184 1840 ¹).

382 1862 458 1937 Ζεύς
483 1888 527 1930 τοι
551 1864 705 1941 κολόστνς
728 1872 787 1930 τῶν
811 1865 986 1947 ὑτερεότινν
1008 1865 1096 1943 όγοιν

381 1970 582 2052 Φροννμοότον
606 1970 728 2037 ἔπεστιν
752 1970 869 2045 εὔθυνος
893 1973 1002 2052 βαρύς.
1025 1972 1124 2058 (Pers.
1151 1971 1216 2037 827
1240 1972 1312 2057 sq.).

291 2076 412 2144 Verum
431 2080 539 2163 aperte
558 2077 675 2143 refellit
691 2082 785 2163 poeta
804 2078 987 2162 opinionem
1007 2078 1190 2171 popularem
1214 2077 1255 2142 ab
1266 2076 1431 2142 Herodoto

246 2184 445 2251 enuntiatam
475 2184 577 2269 ipsam
600 2183 781 2249 felicitatem
806 2184 1112 2269 prosperitatemque
1135 2182 1330 2247 calamitates
1354 2203 1433 2247 con·

247 2291 390 2367 trahere3
407 2291 510 2375 justos
522 2290 605 2355 enim
617 2292 859 2375 moderatosque
872 2290 1016 2354 homines
1028 2290 1088 2354 diis
1101 2310 1165 2354 uon
1177 2289 1302 2354 odiosos
1313 2309 1379 2353 esse
1392 2285 1432 2373 ⁸).

291 2396 345 2461 Dii
365 2396 406 2461 ab
426 2418 462 2461 eo
480 2396 641 2481 improbos
661 2397 775 2482 punire
788 2397 897 2482 probis
909 2398 1018 2461 adesee
1029 2396 1189 2461 dicuntur.
1200 2395 1328 2479 Jupiter
1340 2393 1433 2459 malis

247 2502 397 2588 injuriam
422 2501 538 2581 infert,
561 2503 654 2568 bonis
673 2504 761 2588 justa
784 2503 840 2567 det
861 2501 987 2589 (Suppl.
1011 2503 1078 2567 403
1101 2504 1173 2588 sq.).
1198 2500 1355 2578 Quamdiu
1378 2498 1434 2565 ille

247 2608 397 2693 regnabit
419 2607 471 2673 lex
493 2609 554 2674 erit
577 2630 648 2674 eum
671 2609 727 2693 qui
757 2607 913 2674 fecerit
938 2608 1070 2674 scelesta
1092 2608 1188 2673 etiam
1213 2628 1431 2692 passurum

248 2736 314 2781 esse
327 2713 351 2801 ³)
380 2713 456 2801 (Ag.
490 2715 609 2802 1563);
635 2715 752 2799 impius
774 2714 847 2800 ille,
870 2714 926 2800 qui
949 2714 1031 2780 dixit
1058 2714 1132 2780 deos
1156 2735 1223 2779 non
1248 2734 1357 2779 curare
1378 2734 1432 2777 sa·

245 2821 382 2907 crilegos
404 2822 493 2908 (ibid.
519 2823 584 2888 369
606 2824 701 2907 sqq).
1453 2834 1456 2837 ’

292 2927 360 2994 Nec
380 2932 489 2994 tamen
507 2929 593 3015 ipsos
612 2929 687 2994 deos
706 2926 824 3014 ubique
841 2928 984 2993 insontes
995 2927 1151 3013 producit.
1164 2927 1257 2992 Plato
1269 2927 1320 2991 vel
1332 2925 1431 2991 arceri

248 3056 363 3101 cuma
393 3056 488 3101 scena
520 3035 630 3120 jussit,
662 3035 747 3120 quod
778 3035 908 3099 deorum
937 3033 1061 3119 flagitia
1089 3036 1198 3120 aperte
1220 3032 1382 3097 exhiberet
1393 3032 1432 3117 ⁴).

248 3139 281 3206 N
281 3162 324 3206 on
336 3140 390 3227 pio
401 3142 508 3207 animo
522 3141 700 3226 potentiam
712 3162 822 3207 sorum
832 3145 1018 3219 veneratur,
1031 3160 1179 3226 quaerere
1191 3140 1342 3204 omittens
1353 3160 1432 3203 num

247 3247 397 3314 virtutem
432 3269 554 3333 semper
588 3247 714 3325 colant;
747 3269 858 3312 rerum
891 3247 971 3313 uitia
1002 3246 1263 3332 indignabundus
1298 3245 1430 3310 indicat.

283 3472 310 3536 l)
326 3471 485 3538 Amphiaraus
501 3473 585 3523 contra
599 3469 630 3521 ob
646 3470 760 3538 pietatem
776 3471 916 3522 metuendus
933 3469 1035 3520 babetur
1048 3467 1205 3519 advenerim.

282 3554 308 3615 2)
322 3556 366 3619 Ag.
381 3553 441 3607 75ον
477 3553 688 3617 παλαίφατος
706 3550 729 3602 δ’
746 3550 772 3602 ἓν
789 3555 888 3615 βροτοῖς
904 3550 981 3616 γόοιιν
997 3553 1073 3615 λόγος

447 3634 584 3694 τότνιιται,
601 3634 683 3699 με’γοιν
700 3632 857 3685 τελεσθόντα
873 3635 956 3698 purte
968 3632 1045 3696 ’όλβον

446 3721 595 3768 τεκνοῦσθαι
613 3716 671 3782 μήδ’
688 3716 784 3768 tracta
801 3715 922 3776 όνιίσνειν,
1094 3711 1098 3719 ’

446 3795 475 3851 ἓν
492 3798 515 3849 δ’
532 3798 630 3865 Ινγαόᾶς
646 3798 733 3864 τόχας
749 3798 816 3864 γένει

446 3882 598 3947 βλαστάνειν
615 3880 748 3946 ὶκόρεστον
765 3879 843 3947 οόζόν.

447 3962 526 4030 δίχα
543 3963 679 4015 δ’όόλλιον
696 3966 856 4027 μονόφρων
871 3960 944 4025 εόμό.
959 3962 990 4013 τό
1008 3959 1131 4024 δυσσεβὲς
1144 3961 1193 4023 γαρ
1206 3956 1278 4023 ’όργον

447 4049 515 4111 μετα
532 4048 577 4111 μεν
594 4046 809 4113 τλεόοναὶτόιιτει,
826 4042 938 4112 σφετέρᾳ
955 4041 978 4093 δ’
996 4042 1082 4094 εἰκότα
1098 4041 1181 4109 γε’ννᾳ.

448 4128 518 4181 όόιιονν
535 4128 558 4180 δ’
575 4128 614 4193 ἕν’
631 4126 760 4179 σιἰόνδόκοιν

448 4213 585 4272 ναλλόταις
601 4214 700 4275 τότμος
715 4210 763 4263 bel.

280 4298 316 4349 Gt.
336 4299 400 4348 l’ers.
417 4293 466 4349 772
481 4297 511 4346 de
528 4295 585 4361 Gyri
600 4295 726 4346 febcitstes
744 4293 797 4353 όεδς
813 4294 864 4358 γαρ
880 4290 924 4343 τόν
940 4288 1044 4356 ἤχθηρεν
1061 4289 1093 4350 εἱς
1114 4288 1281 4356 adopertos.

281 4383 306 4444 8)
322 4380 360 4431 (ll.
376 4382 498 4447 praeterea
514 4378 598 4444 Suppl.
615 4376 647 4430 2'1
663 4393 698 4443 sq.
715 4375 764 4430 707
780 4392 831 4443 sqq.
849 4378 894 4441 Ag.
911 4375 971 4427 etl.

275 4463 304 4529 4)
320 4464 390 4529 usq,
408 4462 443 4513 In
461 4477 500 4529 pq.
518 4461 582 4511 888⁸
599 4460 640 4511 ubi
656 4460 700 4510 bos
716 4476 750 4511 τι.
767 4459 826 4509 citet
843 4458 886 4521 (tr.
902 4459 952 4509 281
975 4456 1039 4523 apud
1054 4458 1097 4520 D.)

513 4542 585 4628 τόγε)
601 4542 632 4595 τό
649 4542 740 4606 &class
757 4540 819 4592 όῦον
834 4537 943 4602 &leodic
955 4540 1042 4602 στόμα
