3250 5217
757 339 820 403 167

193 523 340 607 poetam,
372 542 443 587 cum
477 542 599 585 morum
632 522 808 607 priscorum
841 523 1013 587 auctoritas
1044 522 1198 587 dissoluta
1227 524 1327 607 esset,
1351 520 1386 585 in

191 626 326 711 ancipiti
348 625 405 692 illo
430 627 513 693 bivio
537 626 598 691 sibi
622 627 746 711 eligisse
770 650 867 712 supra
890 628 1132 713 disputavimus.
1166 626 1201 692 Si
1223 631 1386 712 praeterea

189 737 376 818 reputamus
402 755 473 798 eum
497 733 596 798 vitam
620 734 755 798 otiosam
784 733 891 818 potins
916 734 1060 799 laudasse
1083 756 1179 818 quam
1203 734 1383 819 publicam,

188 861 258 905 non
288 840 400 924 inepta
424 839 503 903 mihi
526 840 652 905 videtur
675 840 813 925 suspicio
838 840 934 905 etiam
957 841 1107 905 virtutem
1131 840 1160 905 ei
1184 840 1384 905 obversatam

188 968 256 1011 esse
274 944 432 1010 diversam
452 945 493 1010 ab
513 945 645 1029 antiqua
665 946 721 1011 illa
743 948 855 1027 ἀρετῇ,
877 946 1092 1031 augustiorem
1105 944 1224 1011 scilicet
1235 946 1386 1010 eandem·

187 1074 250 1137 que
282 1052 516 1136 angustiorem,
550 1074 673 1116 morum
705 1054 909 1117 sanctitatem
933 1052 1035 1137 magis
1061 1055 1258 1137 spectantem
1289 1075 1386 1137 quam

191 1158 343 1247 virtatem
374 1158 518 1236 civilem,
550 1158 682 1223 omnino
711 1159 843 1244 propius
873 1161 1074 1225 accedentem
1101 1160 1143 1224 ad
1174 1158 1385 1224 recentiorum

188 1263 387 1331 saeculorum
410 1264 652 1330 humanitatem.

377 1449 450 1529 38.
480 1447 575 1528 Quem
599 1450 751 1536 optimam
776 1451 903 1513 motoria
921 1449 1046 1535 fontem
1069 1452 1203 1514 dimovit.

239 1599 313 1665 Una
349 1602 449 1665 restat
485 1601 628 1684 quaestio
660 1604 701 1666 ad
733 1602 884 1666 virtutem
908 1602 1079 1686 pertinens.
1116 1600 1204 1676 Quae
1238 1601 1387 1687 Euripidi

193 1706 316 1792 optima
339 1706 407 1771 visa
430 1710 478 1771 est
501 1706 629 1771 virtutis
653 1707 725 1771 ria?

235 1810 435 1895 Quamquam
470 1813 537 1895 ipse
572 1815 667 1897 posta
702 1812 787 1876 hanc
822 1813 1042 1897 quaestionem
1080 1835 1155 1878 non.
1178 1813 1294 1880 diserte
1324 1815 1387 1880 sibi

192 1918 392 2003 proposuisse
424 1918 566 1995 videtur,
599 1918 675 1983 nolo
709 1922 818 1982 tamen
850 1918 977 1983 silentio
1002 1941 1070 1983 cam
1094 1919 1285 2005 praeterire,
1312 1920 1387 2005 quia

193 2028 427 2109 quodammodo
457 2025 630 2109 conjuncta
662 2027 710 2089 est
741 2046 811 2088 cum
844 2025 944 2089 altera
970 2024 1027 2088 illa
1049 2024 1235 2108 quaestione
1258 2026 1296 2090 de
1319 2026 1387 2090 eiua

192 2130 410 2195 familiaritate
433 2152 505 2195 cum
528 2130 668 2195 Socrate.

237 2235 377 2311 Quorum
413 2237 552 2301 virorum
587 2237 784 2301 consuetudo
814 2236 975 2301 indicatur
996 2237 1076 2321 jocis
1096 2237 1307 2315 comicorum,
1331 2238 1387 2322 qui

194 2341 419 2427 philosophum
431 2348 544 2427 poetae
555 2344 590 2407 in
603 2342 776 2427 tragoediis
788 2343 1017 2427 componendis
1030 2366 1122 2427 opem
1138 2344 1249 2408 tulisse
1260 2344 1387 2424 ferunt,

193 2454 225 2513 et
261 2472 280 2513 a
316 2447 542 2533 posterioribus
580 2448 787 2532 scriptoribus
802 2446 828 2533 1)
864 2450 909 2513 ita
943 2454 1076 2513 ornatur
1100 2454 1136 2513 ut
1159 2454 1254 2534 poeta
1278 2450 1385 2535 philo·

193 2554 286 2639 sophi
309 2553 482 2638 discipulus
504 2553 601 2619 fuisse
625 2554 675 2619 vel
698 2554 811 2617 saltem
836 2575 987 2639 magnam
1011 2556 1175 2620 doctrinae
1198 2556 1322 2641 copiam
1345 2556 1386 2621 ab

192 2681 228 2723 eo
252 2660 398 2724 didicisse
422 2659 556 2725 dicatur.
581 2658 744 2735 Quatenus
766 2660 828 2726 hoc
851 2682 960 2724 rernm
982 2661 1040 2739 sit,
1061 2683 1134 2726 cnm
1155 2662 1307 2727 deficiant
1323 2666 1386 2728 tes·

193 2766 325 2831 timonia
356 2769 459 2843 certa,
490 2766 558 2830 sola
588 2766 806 2831 doctrinarum
835 2766 1073 2850 comparatione
1094 2768 1261 2853 dijudicari
1281 2770 1386 2834 debet.

192 2871 326 2937 Nullum
346 2876 452 2937 autem
471 2875 519 2937 est
537 2872 692 2957 placitum
705 2871 829 2956 saepius
842 2872 1051 2956 disertiusqne
1064 2896 1083 2935 a
1094 2872 1224 2938 Socrate
1236 2875 1386 2940 enuntia·

193 2980 260 3043 tum
281 3001 377 3063 qnam
398 2978 547 3042 virtutem
567 2999 634 3042 esse
657 2976 824 3041 seientiam
848 2998 953 3041 rerum
977 2977 1135 3041 bonarum
1157 2980 1190 3043 et
1210 2981 1385 3059 malarum,

192 3088 224 3148 et
252 3084 358 3148 studio
388 3083 488 3168 igitur
519 3086 551 3147 et
582 3082 751 3167 disciplina
775 3082 962 3166 comparari.
993 3081 1179 3167 Euripidem
1203 3106 1277 3149 vero
1301 3085 1403 3162 vidi-v

192 3212 262 3253 mus
285 3189 539 3273 frequentissime
562 3191 782 3255 demonstrare
804 3188 1042 3253 institutionem
1066 3193 1182 3253 natura
1207 3190 1308 3257 multo
1333 3190 1386 3255 in·

191 3294 338 3359 seriorem
369 3316 435 3359 esse
467 3295 680 3379 adversusque
712 3316 782 3359 eam
806 3315 920 3377 parum
947 3294 1060 3359 valere.
1085 3292 1183 3359 Cuius
1207 3296 1386 3360 sententiae

193 3400 344 3485 exemplis
367 3420 421 3486 pg.
449 3400 512 3465 156
536 3421 606 3484 sqq.
631 3400 737 3464 allatis
761 3402 825 3463 duo
850 3399 975 3463 addam.

237 3504 278 3570 Iu
301 3504 460 3571 Phoenice
482 3504 564 3569 dixit
588 3505 702 3590 aliquis
730 3503 833 3591 (Stob.
855 3504 924 3571 flor.
951 3506 1009 3583 90,
1035 3505 1076 3583 63
1099 3504 1197 3573 Dind.
1222 3505 1262 3571 fr.
1289 3507 1386 3593 807i²

418 3610 567 3689 μέγιστον
590 3605 639 3689 ἆρ’
664 3609 697 3686 ἦν
722 3612 739 3687 ἡ
764 3612 877 3693 Φύσις·
902 3612 937 3677 τὸ
961 3612 1025 3692 γὰρ
1049 3611 1142 3677 καινὸν

424 3717 519 3791 οὐδεὶς
544 3716 663 3798 τρέφων
687 3713 720 3782 εὖ
743 3718 879 3798 χρηστὸν
903 3718 943 3782 ἂν
967 3718 1029 3793 θείη
1054 3716 1139 3783 ποτέ.

235 3821 380 3888 Phaedra
402 3822 512 3908 (Hipp.
539 3823 603 3888 380
628 3823 711 3908 sqq.)
735 3823 797 3888 ait:

394 3930 437 3995 rat
460 3929 572 4009 χρήστ’
598 3929 816 4007 ἐπιστάμεσθα
840 3929 892 3994 aa>
915 3929 1128 4010 γιγνώσκομεν

394 4143 421 4207 ot
445 4142 471 4206 δ’
496 4142 597 4217 ἡδονὴν
622 4140 778 4222 προθέντες
804 4142 873 4209 atari
898 4146 952 4208 τσῦ
976 4149 1074 4210 acted

391 4244 491 4324 ἄλλην
515 4249 583 4313 τιν’.

202 4377 381 4393 m

204 4467 250 4529 .1>
267 4470 287 4516 A
307 4468 402 4531 Dionys.
424 4468 500 4519 Halia.
520 4469 545 4519 in
565 4470 617 4519 loco
634 4470 708 4520 allato
725 4486 764 4535 pq.
783 4472 816 4523 44
834 4474 893 4530 not,
913 4472 938 4520 ct
954 4487 969 4519 a
988 4468 1096 4535 patribus
1112 4469 1282 4524 σσσΙσιίανίσὶσ.
