3250 5217
806 418 869 481 106

237 602 320 687 sqq.)
344 601 548 667 vehementer
571 603 760 683 indignatur
782 602 868 686 quod
892 600 1029 687 Apollo,
1054 603 1109 687 qui
1132 600 1288 667 universis
1311 601 1433 667 scilicet

237 708 422 774 hominibus
457 710 561 774 omnis
592 709 673 793 juris
704 709 747 775 sit
781 708 918 785 arbiter,
950 709 1065 775 veteris
1095 709 1161 773 irae
1192 728 1313 773 memor
1343 707 1433 773 velut

159 866 165 875 .
238 813 333 879 homo
364 814 529 899 improbus
559 814 806 897 Neoptolemum
837 815 873 879 in
906 815 976 901 ipsa
998 815 1120 900 peccati
1143 814 1323 899 expiatione
1346 813 1431 879 occi-

238 920 329 985 derit.
365 920 492 986 Orestes
525 921 560 985 in
595 920 701 1005 Iphig.
735 921 832 987 Taur.
865 920 944 1007 (570
969 922 1053 1006 sqq.)
1077 919 1236 1005 sapientes
1258 919 1331 985 illos
1357 920 1431 985 deos
1472 970 1477 974 -

238 1026 350 1092 avibus
372 1026 454 1091 nihil
477 1026 651 1092 veraciores
674 1049 740 1092 esse
764 1013 862 1105 dicit,
885 1048 1102 1111 magnamque
1124 1048 1192 1091 esse
1212 1025 1431 1091 confusionem

238 1133 273 1198 in
303 1133 399 1198 rebus
429 1133 545 1198 divinis
568 1133 789 1218 humanisque.
822 1134 861 1199 In
889 1132 1018 1199 Electra
1040 1132 1118 1218 (971
1143 1133 1205 1219 sq.)
1230 1131 1358 1197 Orestes
1380 1154 1431 1197 so-

238 1261 353 1324 rorque
376 1239 564 1324 intelligunt
581 1238 764 1323 Apollinem
784 1240 845 1305 sibi
865 1240 967 1305 scelus
986 1240 1176 1324 imperasse,
1195 1260 1300 1324 neque
1319 1261 1431 1324 quem-

239 1366 334 1429 quern
368 1346 543 1430 sapientem
574 1368 640 1411 esse
670 1367 762 1431 posse
785 1367 858 1410 cum
881 1346 936 1410 ille
959 1346 1076 1410 stultus
1101 1345 1159 1421 sit;
1183 1345 1245 1429 ipsi
1268 1345 1431 1424 Dioscuri,

240 1451 296 1537 qui
325 1451 469 1535 profecto
504 1452 583 1516 scire
616 1456 752 1535 possunt
782 1452 860 1537 quid
890 1452 992 1537 prosit
1022 1451 1096 1535 quid
1128 1473 1213 1529 non,
1245 1473 1317 1516 cum
1348 1450 1434 1516 ultra

240 1580 336 1643 quam
371 1579 404 1621 se
439 1559 550 1622 deceat
582 1558 732 1642 progredi
762 1558 888 1634 nolint,
921 1559 1081 1622 testantur
1109 1560 1218 1622 tamen
1251 1556 1432 1642 Apollinem

231 1657 385 1749 ⁴quamvis
406 1664 582 1747 sapientem
608 1684 674 1727 non
698 1664 858 1748 sapienter
881 1664 1089 1729 vaticinatum
1114 1685 1180 1728 esse
1194 1662 1229 1749 ¹).
1253 1662 1376 1729 Chorus
1399 1664 1431 1729 in

241 1770 355 1835 Troad.
389 1771 490 1855 (1097
523 1772 606 1856 sqq.)
630 1774 724 1855 rogat
746 1793 787 1834 an
812 1770 900 1835 Zeus·
916 1770 996 1835 nihil
1021 1773 1111 1835 curet
1132 1770 1261 1835 Troiam
1286 1771 1432 1836 deletam.

242 1877 369 1942 Orestes
386 1877 421 1941 in
440 1876 625 1963 cognomini
644 1876 753 1941 fabula
768 1876 849 1962 (285
863 1878 946 1961 sqq.)
959 1875 1105 1960 Apollini
1117 1877 1229 1962 objicit
1240 1877 1325 1961 quod
1337 1899 1371 1941 se
1382 1876 1433 1940 in-

241 1983 394 2066 stigatum
415 1987 455 2047 ad
474 1984 631 2047 actionem
645 1984 897 2048 scelestissimam
910 1982 1013 2047 verbis
1026 1983 1207 2048 consolatus
1219 1986 1301 2047 esset
1313 2003 1379 2046 non
1389 2004 1432 2047 re.

287 2088 392 2153 Etiam
423 2088 533 2153 fabula
556 2088 616 2153 Ion
640 2089 781 2173 insignia
803 2089 900 2154 huius
923 2090 969 2153 rei
992 2089 1137 2174 exempla
1160 2088 1297 2153 exhibet.
1317 2086 1434 2154 Creusa

242 2197 412 2280 antequam
436 2194 538 2259 filium
562 2195 667 2260 vivere
690 2195 862 2279 comperit,
886 2194 1088 2279 Apollinem,
1110 2218 1129 2259 a
1150 2216 1214 2279 quo
1234 2196 1348 2260 vitiata
1366 2195 1435 2260 fue-

241 2304 309 2378 rat,
345 2300 550 2383 reprehendit
585 2301 671 2385 quod
706 2322 777 2365 eum
809 2322 876 2366 non
906 2302 1081 2366 servaverit
1114 2303 1194 2378 (384
1225 2302 1319 2386 sqq.)
1368 2300 1436 2377 Quo

241 2407 350 2472 audito
384 2408 444 2471 Ion
481 2406 572 2490 quasi
606 2405 828 2490 ludimagister
862 2405 1092 2491 discipulum)
1126 2410 1219 2471 deum
1254 2410 1363 2471 monet
1396 2428 1438 2471 ne

240 2513 357 2576 iterum
381 2509 480 2575 faciat
502 2511 582 2595 (436
603 2515 704 2598 sqq.):
727 2512 900 2596 >quoniam
920 2512 1068 2577 dominus
1086 2534 1118 2577 es
1142 2512 1289 2575 virtutem
1312 2512 1380 2577 cole
1394 2512 1437 2596 ³);

242 2637 380 2700 namque
408 2616 435 2681 si
458 2617 530 2702 quis
553 2618 733 2682 mortalium
758 2617 923 2701 improbus
947 2621 1011 2695 est,
1034 2618 1069 2681 in
1093 2640 1165 2682 eum
1186 2618 1281 2683 etiam
1301 2617 1347 2682 dii
1367 2618 1437 2680 ani-

243 2723 464 2799 madvertunt3
497 2724 655 2806 quomodo
686 2722 733 2787 fas
763 2744 830 2787 esse
855 2725 970 2814 potest
998 2745 1073 2801 ros,
1104 2723 1158 2808 qui
1187 2724 1274 2807 leges
1296 2722 1438 2787 humano

243 2827 352 2913 generi
387 2827 619 2913 imposueritis,
651 2830 737 2913 ipsos
765 2851 818 2893 eas
841 2830 970 2894 violare.
1003 2828 1122 2904 Quodsi
1135 2878 1231 2896 .....
1257 2828 1439 2893 hominibus

242 2954 361 3017 poenas
380 2934 462 2998 detis
482 2934 603 3018 stupri,
623 2938 659 2998 tu
679 2937 711 2999 et
730 2933 904 3019 Neptunus,
921 2939 953 2999 et
971 2935 1099 3019 Jupiter
1119 2935 1239 3019 templa
1258 2939 1364 2999 restra
1384 2956 1438 2999 ex-

242 3039 407 3126 hauriatis,
430 3040 515 3105 furta
537 3039 672 3123 pecunie
695 3041 896 3105 redimentes.
921 3040 1113 3125 Voluptates
1137 3041 1221 3105 euim
1244 3041 1328 3104 male
1347 3061 1438 3124 prae-

243 3145 362 3232 ponitis
381 3147 577 3230 prudentiae.
602 3146 714 3231 Neque
732 3146 878 3212 homines
898 3147 925 3211 si
946 3150 1076 3212 deorum
1093 3146 1172 3211 vitia
1183 3146 1352 3210 imitantur
1363 3145 1440 3209 mali

243 3257 320 3317 sunt
351 3252 500 3329 vocandi,
524 3255 578 3317 sed
600 3251 662 3337 ipsi
685 3253 792 3338 potius
815 3253 967 3318 scelerum
992 3252 1026 3317 hi
1050 3252 1227 3317 auctores.”
1251 3251 1439 3316 Notandum

243 3360 292 3424 est
310 3357 390 3423 illud
410 3357 499 3423 »ἐπεὶ
521 3366 642 3435 κρατεῖς
664 3360 777 3437 αἱρετὰς
799 3358 921 3423 δίωκε.”
939 3358 1043 3442 Supra
1063 3358 1148 3423 enim
1169 3358 1305 3423 vidimus
1321 3358 1354 3422 in
1368 3358 1439 3421 reli-

245 3464 340 3550 gione
352 3463 472 3530 Graeca
484 3464 550 3528 deis
561 3467 692 3549 propter
703 3464 805 3549 ipsam
819 3467 1010 3550 potestatem
1022 3464 1148 3529 licuisse
1167 3486 1243 3529 con
1253 3465 1332 3528 tem
1343 3484 1439 3527 nere

243 3570 411 3651 virtutem3
443 3570 616 3635 secundum
646 3568 832 3654 Euripidem
863 3592 937 3635 vero
962 3573 1097 3634 naturae
1122 3570 1250 3635 divinae
1274 3568 1439 3653 proprium

245 3678 292 3739 est
315 3674 426 3740 virtus.
450 3674 497 3740 At
519 3675 697 3739 sententiae
720 3676 794 3741 illae
818 3676 1055 3760 philosophicae
1075 3698 1094 3741 a
1113 3676 1295 3760 tragoediae
1314 3675 1439 3739 ratione

243 3779 433 3856 abhorrent;
456 3785 652 3865 quapropter
674 3780 754 3846 lenis
778 3783 856 3847 haec
879 3782 968 3847 Ionis
990 3781 1211 3865 reprehensi0,
1236 3782 1276 3845 ad
1297 3801 1438 3845 commo·

244 3887 380 3952 vendam
397 3886 499 3951 ¹animi
517 3886 746 3965 conscientiam
765 3890 967 3971 comparata,
991 3908 1041 3951 me
1058 3886 1166 3969 judice
1185 3885 1354 3950 maximam
1373 3884 1438 3949 vim

243 3991 341 4058 habet
371 3993 406 4056 in
430 3995 678 4058 demonstrando
702 3994 809 4059 animo
835 3997 947 4079 poetae
970 4016 989 4058 a
1012 3992 1167 4077 religione
1190 3991 1338 4077 populari
1361 3989 1438 4055 alie-

251 4354 253 4359 Ι
278 4295 304 4357 1)
320 4310 353 4344 rs.
373 4294 450 4343 1245:
502 4292 593 4353 Φοῖβός
610 4308 639 4340 τε
658 4292 762 4353 Φοῖβος,
779 4288 842 4339 ἀλλ’
860 4286 923 4353 ἅναξ
940 4285 990 4351 γάρ
1008 4282 1066 4336 ἔστ’
1084 4283 1157 4348 iude,

503 4378 569 4436 cepti
579 4392 583 4402 ·
603 4374 680 4436 σοφὸς
697 4370 719 4421 δ’
736 4371 768 4420 ov
786 4370 830 4420 οὐκ
848 4367 945 4434 ’ὀχρητέ
962 4386 1001 4419 τοι
1019 4367 1094 4432 σοφά.

278 4460 303 4519 2)
320 4455 479 4513 νουθετητέος
497 4453 525 4504 δέ
543 4470 585 4516 μοι
603 4456 704 4516 ovidae,
723 4469 789 4503 mox:
808 4452 843 4514 μὴ
864 4450 936 4515 σύγε.

278 4542 304 4603 3)
327 4538 402 4589 ,ἀλλ’
419 4535 475 4588 ἐπεὶ
492 4538 592 4601 κρατεῖς
610 4536 701 4598 ἀρετὰς
719 4534 815 4585 tiene?
