3250 5217
807 450 871 513 162

424 628 506 703 ύστις
532 632 563 696 δέ
587 631 622 709 μ’
649 628 727 697 siue!
749 638 828 713 φησι
852 638 967 711 μῶρον,
992 632 1018 695 εἴ
1039 630 1147 709 λαβὼν

422 736 493 803 νέαν
518 738 547 811 ἐς
572 736 668 810 cicccc
692 738 837 817 παρύένον
860 740 904 813 μὴ
929 736 1088 816 dryades,

424 844 549 922 γνύμης
574 852 708 924 πονηροῖς
735 844 858 909 ιιανύσιν
880 843 1147 922 ἀναμετρούμενος

423 952 457 1015 τὸ
482 956 598 1031 σῶφρον
622 950 713 1036 ἴστω,
741 953 854 1021 ναύτὸς
878 945 920 1014 αύ
943 953 1075 1021 τοιοῦτος
1099 948 1135 1013 ὤν
1149 946 1188 1035 ¹).

287 1054 413 1121 Addam
426 1055 557 1121 ultimos
569 1078 677 1121 versus
689 1056 728 1121 ir.
742 1057 837 1141 (342)
849 1078 866 1121 e
878 1055 992 1140 Dictys
1004 1078 1023 1119 a
1035 1054 1122 1120 Stob.
1139 1053 1220 1138 (Ecl.
1233 1053 1261 1130 Ι,
1274 1055 1305 1131 9,
1316 1054 1347 1132 4,
1361 1054 1440 1137 272)

242 1162 377 1231 servati:
427 1157 478 1227 ιέοιὶ
502 1171 580 1242 χρῆν
603 1163 634 1227 δὲ
659 1171 720 1235 τοῖς
745 1164 880 1243 βροτοῖσι
906 1162 985 1242 adab}
1009 1157 1086 1226 εἶναι
1111 1160 1215 1238 νύμον,

248 1268 250 1274 '
425 1274 482 1332 τῶν
507 1268 715 1346 εὐσεβούντων
736 1265 842 1340 οἵτινές
866 1292 906 1345 γε
930 1270 1079 1350 σύΦρονες

425 1374 513 1454 ἕρῖιν,
538 1376 653 1454 Κύπριν
676 1374 706 1439 di
732 1378 786 1448 τὴν
809 1377 881 1445 Διὸς
905 1375 1025 1454 χαύρειν
1050 1374 1115 1439 ἒῖιν.

288 1480 377 1545 Haec
417 1481 526 1545 omnia
561 1482 638 1546 satis
674 1482 837 1546 declarant
867 1479 1053 1565 Euripidem
1088 1467 1165 1545 viris
1201 1480 1440 1546 commendasse

241 1586 462 1653 castimoniam
498 1606 561 1651 non
595 1586 770 1672 vulgarem.
803 1584 901 1652 Ocius
930 1587 1058 1652 virtutis
1087 1586 1170 1651 ratio
1199 1584 1310 1669 procul
1339 1583 1438 1649 dubio

161 1735 164 1740 -
240 1691 392 1775 colligata
425 1696 493 1757 erat
523 1714 594 1757 cum
626 1692 741 1757 ritibus
776 1691 941 1776 Orphieis,
972 1714 1107 1777 quorum
1140 1692 1253 1756 saltem
1277 1689 1437 1776 Hippoly-
1537 1686 1540 1689 ’

239 1803 292 1863 tus
326 1796 517 1885 Euripideus
546 1797 674 1862 sedulus
708 1801 776 1863 erat
799 1801 938 1863 sectator
968 1799 1012 1882 (v.
1048 1800 1090 1861 24
1125 1819 1190 1881 sq„
1225 1797 1289 1861 951
1323 1794 1435 1881 sq.)⁹).

239 1902 379 1988 Orphica
408 1904 576 1989 disciplina
612 1905 758 1969 universe
789 1904 823 1967 id
855 1904 986 1987 agebat,
1017 1924 1055 1968 eo
1086 1902 1240 1967 tendebat
1263 1905 1301 1967 ut
1322 1922 1436 1985 corpus

239 2008 416 2073 humanum
449 2010 610 2094 integrum
643 2013 822 2075 servaretur
845 2032 863 2073 a
885 2009 1066 2074 multifariis
1084 2009 1179 2074 rebus
1200 2008 1316 2091 quibus
1335 2006 1437 2090 pollui

242 2115 445 2193 credebatur,
478 2114 567 2179 velut
591 2116 662 2179 cibo
687 2115 916 2193 animantium,
942 2115 1090 2180 caedibus
1104 2116 1144 2199 3),
1171 2114 1312 2178 vestibus
1335 2113 1436 2177 laneis

243 2223 303 2286 cet.
328 2219 439 2305 Itaque
461 2222 587 2285 credere
614 2243 673 2305 par
703 2223 767 2297 est,
799 2222 945 2305 quamvis
978 2243 1044 2286 non
1075 2220 1240 2305 perspicue
1270 2219 1435 2297 medetur,

244 2348 310 2389 eam
344 2326 440 2390 etiam
470 2327 600 2410 jussisse
630 2327 834 2391 concubitum
861 2350 955 2411 quam
979 2328 1111 2391 minime
1135 2325 1220 2403 fieri,
1246 2328 1279 2389 et
1301 2324 1435 2390 fortasse

240 2432 340 2496 vitam
360 2432 509 2496 caelibem
542 2432 685 2497 omnium
716 2433 948 2497 sanctissimam
976 2434 1143 2519 judicasse.
1176 2431 1292 2496 Ethica
1311 2431 1435 2516 Pytha·

182 2569 184 2573 *
238 2556 351 2621 gorea,
375 2538 425 2601 cui
449 2558 519 2601 cum
544 2538 719 2621 praeceptis
744 2538 891 2622 Orphicis
916 2540 1053 2603 maxima
1076 2542 1146 2602 eret
1168 2538 1433 2622 cognatio,idem

240 2643 405 2727 spectabat
433 2644 455 2729 ).

282 2748 402 2813 Verum
423 2770 537 2833 operae
557 2751 694 2835 pretium
714 2773 781 2817 csse
801 2751 929 2815 videtur
946 2773 1113 2835 quaerere,
1134 2774 1198 2837 qua
1220 2751 1346 2817 ratione
1366 2752 1433 2816 effi-

270 3003 294 3063 1)
313 3001 407 3052 Helena
423 3018 531 3068 qnoque,
547 3002 609 3068 apud
623 3002 762 3067 Euripidem
779 3002 924 3063 castissime,
943 3002 1110 3067 Theoclymeni
1127 3002 1308 3053 matrimonium
1325 3017 1435 3068 asperna-

235 3087 288 3144 tur;
307 3084 397 3134 similes
413 3085 526 3133 videntur
542 3084 568 3133 iu
587 3084 670 3149 Dictys
686 3085 759 3134 fuisse
778 3087 873 3134 Danais
889 3091 982 3149 partes,
1001 3086 1030 3133 of.
1050 3085 1215 3147 Apollodsli.
1233 3086 1256 3133 4.
1276 3084 1290 3134 1
1309 3087 1334 3132 et
1351 3086 1374 3133 3.

269 3166 298 3230 2)
315 3168 392 3217 Carne
420 3181 514 3230 quoque
538 3164 670 3215 abstinebat
693 3165 729 3229 (v.
760 3167 808 3216 980
832 3166 887 3231 sq.).
913 3166 975 3215 Vide
997 3167 1027 3215 ad
1049 3182 1121 3230 quam
1142 3164 1254 3215 absurdas
1279 3181 1316 3214 res
1340 3169 1435 3230 poetam

234 3248 347 3296 detrudat
367 3248 473 3297 studium
490 3248 651 3297 transterendi
669 3248 694 3297 in
713 3248 798 3297 heroas
816 3252 909 3297 veteres
926 3247 963 3297 eui
981 3248 1097 3313 temporis
1114 3248 1248 3309 doctrinan
1267 3258 1435 3297 venatoremne

235 3343 305 3378 carne
323 3328 456 3379 abstineret

270 3412 297 3472 3)
314 3410 436 3476 Aristoph.
455 3412 515 3461 Rau.
535 3412 615 3462 losa:

317 3490 422 3555 Ὀρφεύς
440 3492 486 3555 μὲν
503 3494 553 3556 γὰρ
570 3492 680 3552 τελετάς
697 3493 716 3542 ύ’
735 3492 793 3556 ἡμῖν
811 3492 940 3559 κατέδειξε
956 3496 1068 3557 covas
1085 3497 1111 3544 τ’
1129 3493 1349 3558 νἰπύχεσύαι.

235 3574 265 3623 cf.
285 3575 346 3623 Hor.
365 3578 411 3624 ert.
429 3580 493 3642 poet.
512 3577 560 3625 891
579 3593 613 3641 sq.
717 3626 718 3629 ,

268 3658 297 3723 4)
316 3657 465 3721 Pythagorae
481 3657 587 3707 traditur
607 3659 694 3708 dixisse
714 3663 772 3709 tunc
791 3675 841 3710 esse
860 3660 1062 3710 concumbendum
1079 3676 1135 3709 cnm
1152 3665 1177 3709 te
1194 3660 1246 3725 ipso
1264 3660 1365 3709 inferior
1381 3659 1434 3708 ficri

233 3739 306 3798 velis,
324 3739 550 3804 Crotoniatibasque
568 3741 711 3805 persuasisse
730 3746 756 3790 ut
773 3742 870 3807 pellices
889 3742 1047 3792 dimitterent.

267 3821 438 3886 APorphyric
455 3821 497 3886 (de
515 3822 573 3873 abet.
590 3823 653 3887 alo)
671 3828 781 3873 servatur
796 3824 958 3887 fragmentum
977 3823 1068 3888 (etta)
1086 3840 1115 3873 ex
1133 3824 1169 3873 Eu
1184 3823 1256 3891 ipidis
1272 3822 1433 3882 Cretensibus,

233 3903 297 3953 vitae
314 3904 429 3967 mysticae
446 3904 527 3954 laudes
543 3905 680 3965 eontinens;
703 3921 725 3955 v.
746 3907 777 3955 lo
796 3922 847 3971 sqq.
866 3906 979 3969 leguntur
995 3908 1066 3957 haee:

536 3984 670 4036 πύλλενιια
687 3984 710 4035 δ’
727 3986 796 4050 ’ἔχων
815 3988 911 4050 εἵματα
928 3987 1015 4053 φεύγω

482 4064 483 4069 ’
533 4066 682 4130 γένεσίν
709 4086 739 4119 τε
764 4068 1131 4132 βροτύν,νιαῒνειιρούύιινρς

535 4148 563 4199 ού
581 4153 771 4213 χριμπτόμενος
787 4151 834 4209 τὴν
851 4153 878 4200 τ’
896 4148 1022 4215 ἐμψύχων

535 4234 626 4293 βρῶσιν
645 4230 753 4281 ἐδεστῶν
770 4232 947 4297 πεφύλαγμοιι.

232 4315 340 4380 Suspicio
366 4314 427 4363 mihi
452 4317 508 4364 nats
530 4322 581 4364 erat
603 4313 689 4377 φεύγοι
711 4313 809 4379 γένεσιν
833 4319 927 4378 βροτῶν
951 4318 1093 4382 significare:
1113 4318 1220 4368 abstineo
1237 4335 1251 4367 a
1270 4320 1432 4384 procreatione
1511 4349 1515 4355 ·

231 4396 376 4455 liberorum,
404 4396 444 4445 sed
471 4395 610 4461 diligentius
637 4398 753 4462 cogitanti
777 4398 927 4464 probabilior
950 4399 1000 4449 visa
1022 4404 1059 4448 eet
1081 4401 1139 4448 haec
1163 4401 1343 4467 interpretatio:
1368 4402 1432 4449 crito

232 4480 360 4545 puerperia
382 4478 432 4527 sive
449 4481 534 4543 partus
550 4485 671 4535 recentes,
688 4480 704 4528 i.
723 4496 744 4529 e.
762 4495 833 4529 caveo
851 4496 881 4529 ne
900 4481 975 4530 adsim
991 4481 1030 4530 vel
1048 4481 1178 4547 attingam,
1198 4484 1261 4548 quod
1278 4486 1432 4550 praeceptum

231 4561 257 4611 in
274 4560 344 4611 rebus
362 4560 467 4627 mysticis
483 4558 541 4609 setis
559 4561 685 4626 vulgatum
702 4562 776 4611 fuisse
793 4562 895 4612 videtur.
