3250 5217
730 456 790 519 161

162 636 445 727 Sententiaerero
467 636 541 700 illae
565 636 766 713 audaciores,
786 657 865 719 quas
877 656 973 720 supra
985 636 1214 719 recensui,per
1225 658 1258 700 se
1269 636 1354 721 ipsas

159 742 295 826 judicari
318 764 385 807 oon
408 750 561 827 possunt,
583 742 807 826 sedquoniam
829 742 865 806 in
885 762 1093 826 personarum
1113 763 1216 807 morea
1234 742 1353 827 optime

161 849 296 926 cadunt,
327 870 435 913 earum
467 849 550 912 ratio
579 848 625 912 ita
654 870 725 913 cum
760 847 940 912 fabularum
971 847 1105 912 matoria
1134 846 1284 931 copulata
1306 851 1355 912 est

160 958 197 1018 ut
220 956 314 1020 simul
337 977 409 1021 cum
433 955 493 1020 hac
517 958 575 1020 aut
596 955 786 1039 rejiciendae
808 959 865 1019 aut
885 958 1120 1019 conservandae
1143 954 1220 1019 sint.

352 1126 370 1208 §
395 1126 425 1188 6.
454 1122 610 1205 Quatenus
634 1124 803 1211 Euripides
825 1146 924 1189 mores
946 1125 1161 1189 emendaverit.

204 1259 256 1325 Ad
278 1261 376 1325 finem
398 1236 797 1345 perduximus'secundam
821 1264 958 1343 partem,
983 1281 1047 1343 qua
1067 1260 1354 1346 quaerebaturque

159 1388 197 1430 ex
216 1371 307 1449 parte
324 1366 493 1449 Euripides
512 1365 729 1452 evulgaribus
742 1365 934 1431 Graecorum
945 1365 1124 1431 rationibus
1136 1388 1208 1431 cum
1229 1387 1351 1431 morum

159 1471 351 1536 detrimento
375 1472 553 1537 discessisse
575 1472 740 1537 habendus
763 1471 824 1547 sit3
848 1475 991 1553 superest
1013 1474 1051 1534 ut
1069 1471 1258 1556 indagemus
1275 1472 1351 1557 quid

159 1578 243 1642 vitae
266 1576 415 1642 severiori
437 1599 616 1662 congruens
639 1578 752 1642 melius
780 1582 812 1641 et
834 1577 976 1641 sanctius
999 1578 1158 1641 statuerit.
1225 1567 1227 1570 ⁵

171 1760 175 1767 ,
205 1682 251 1748 Ut
281 1705 377 1768 quam
408 1684 545 1748 maxime
577 1683 655 1748 haec
677 1684 908 1748 continuentur
930 1682 970 1747 iis
992 1682 1086 1747 rebus
1109 1704 1188 1767 quas
1209 1685 1353 1767 proxime
1429 1754 1433 1760 ,

161 1790 312 1863 tractavi,
349 1789 479 1853 initium
510 1789 625 1853 faciam
645 1788 686 1853 ab
710 1788 864 1871 exemplis
886 1788 1111 1867 castimoniae,
1135 1787 1281 1855 lasciviae
1304 1789 1353 1854 illi

159 1894 223 1959 fere
248 1895 426 1961 contrariis.
451 1896 492 1959 ln
515 1895 626 1959 iisdem
649 1893 784 1971 fabulis,
806 1893 921 1978 quibus
941 1894 1111 1957 mulierum
1124 1894 1352 1978 moresdepra-

158 2003 224 2066 vati
255 2002 373 2067 multos
404 2001 588 2083 offendunt,
617 2003 750 2084 juvenes
780 2000 955 2082 prodeunt,
987 1999 1044 2084 qui
1068 1999 1164 2064 nullis
1186 2000 1352 2065 blanditiis

158 2108 192 2171 in
216 2129 355 2172 amorem
379 2106 584 2172 inhonestum
607 2104 822 2190 pelliciuntur.
846 2106 1062 2190 Hippolytus,
1075 2105 1290 2190 Bellerophon
1302 2107 1350 2191 (in

159 2212 376 2279 Stheneboeae
401 2215 516 2298 trag.)‚
541 2212 673 2290 Peleus,
698 2212 843 2277 Phoenix
867 2214 989 2297 paritor
1018 2215 1209 2296 respuerunt
1237 2212 1350 2276 mulie·

157 2342 227 2385 rum
247 2320 423 2385 illecebras.
444 2318 626 2385 Ostentatio
646 2318 794 2403 frequens
803 2320 871 2403 jam
884 2319 1043 2383 declarare
1055 2319 1349 2404 rideturtragicum

158 2426 243 2492 hanc
260 2426 411 2491 virtutem
427 2426 539 2510 magni
554 2425 682 2501 fecisse3
699 2429 767 2489 tum
784 2425 970 2509 praesertim
982 2424 1059 2502 hoc,
1077 2424 1350 2509 quodeiusgratia

160 2532 329 2597 Phoenicis
360 2531 508 2615 mythum
540 2531 687 2595 mutarit.
720 2529 878 2625 Homerus
902 2530 987 2595 enim
1011 2533 1122 2595 narrat
1144 2552 1216 2595 eum
1240 2531 1350 2597 matris
1401 2567 1407 2575 =

154 2638 245 2722 jussu
269 2660 339 2703 cum
363 2637 464 2722 patris
487 2636 599 2721 pellice
623 2635 849 2715 concubuisse,
869 2636 1038 2723 Euripides
1062 2658 1135 2702 vero
1155 2658 1228 2702 eum
1252 2638 1349 2702 mori-

157 2743 214 2809 bus
237 2745 400 2829 inbgrum
424 2743 549 2808 inducit
563 2744 596 2827 ¹).

200 2850 349 2915 Studium
368 2849 548 2914 celebrandi
568 2850 812 2933 temperantiam
832 2854 865 2913 et
881 2849 1062 2915 castitatem
1081 2850 1177 2916 etiam
1190 2852 1351 2916 observari

154 2959 261 3039 potest
284 2956 320 3021 in
343 2955 488 3041 partibus
511 2955 664 3043 operarii,
688 2956 744 3039 qui
761 2954 919 3019 Electram
935 2956 969 3019 in
981 2956 1222 3021 matrimonium
1235 2978 1347 3041 accep-

156 3066 223 3126 tam
246 3062 401 3146 rirginem
425 3065 609 3145 conservat,
634 3065 765 3145 proptor
789 3062 943 3145 pudorem
967 3061 1086 3126 veritus
1110 3065 1154 3146 (v.
1180 3062 1237 3138 45)

727 3168 842 3246 ὀλβίων
865 3169 976 3249 ἀνδρῶν
1000 3167 1095 3234 stara

433 3276 541 3353 λαβὼν
565 3274 715 3356 ὑβρίζειν,
739 3276 772 3339 οὐ
797 3274 946 3353 sardios
970 3277 1086 3354 γεγώς.

203 3378 304 3455 Quam
328 3380 466 3444 absurda
484 3380 540 3444 illa
560 3380 754 3445 abstinentia
773 3380 1006 3465 spectatoribus
1023 3379 1123 3446 videri
1135 3381 1262 3446 deberet
1273 3402 1350 3465 poe-

159 3489 241 3570 tam,
275 3486 406 3571 opinor,
443 3507 508 3551 non
531 3486 631 3571 fugit:
659 3508 696 3551 eo
720 3487 805 3551 enim
829 3488 988 3571 pertinere
1012 3487 1161 3552 ridentur
1184 3486 1219 3551 bi
1241 3509 1351 3552 versus

158 3612 237 3676 quos
261 3592 428 3671 αὐτουργὸς
453 3592 566 3658 recitat
590 3592 678 3677 (50):

158 3780 299 3831 magnopere
319 3766 448 3832 vituperati
471 3782 531 3827 esse,
549 3765 636 3831 quippe
653 3765 723 3831 impii
737 3768 761 3815 et
775 3766 931 3832 impudentes
957 3767 1030 3816 Poeta
1046 3766 1167 3832 respondit
1183 3766 1237 3815 ideo
1253 3781 1279 3815 se
1296 3782 1350 3816 sum

158 3862 204 3896 non
221 3863 235 3896 a
251 3864 320 3897 scena
336 3848 458 3898 abduxisse
475 3849 614 3914 prinsquam
629 3851 682 3897 rota
695 3848 852 3897 cruciaretur.
868 3848 969 3911 (Similis
985 3865 1022 3897 res
1037 3850 1142 3898 refertur
1157 3865 1171 3897 a
1186 3851 1273 3898 &neca
1282 3849 1352 3914 epist.

160 3929 223 3989 nu).
248 3931 372 3994 Quantum
389 3947 401 3979 e
419 3930 567 3993 mythologie
588 3929 671 3993 colligi
693 3933 772 3995 potest
793 3930 899 3995 suspicor
920 3929 1025 3979 fabulam
1039 3929 1095 3993 jure
1113 3924 1272 3995 improbatam
1290 3946 1352 3989 csse,

159 4014 253 4074 poetam
275 4028 332 4061 vero
355 4012 436 4077 polius
457 4015 534 4061 artem
559 4011 659 4061 violasse
684 4027 756 4075 quarn
780 4028 867 4061 mores.
893 4014 973 4062 Poena
1001 4013 1106 4062 bominis
1129 4027 1227 4078 prorsus
1244 4012 1352 4072 scelesti,

160 4093 235 4155 qualis
253 4094 322 4142 Ixion
339 4094 399 4150 fnit,
416 4109 463 4143 non
481 4094 576 4143 videtur
592 4094 693 4143 materia
710 4094 782 4157 digna
799 4110 860 4158 quae
876 4095 968 4159 tragico
985 4095 1080 4161 pulpito
1097 4098 1204 4159 geratur.

192 4175 260 4223 Idem
276 4190 362 4224 nomen
380 4174 473 4225 fabulae
491 4175 563 4224 etiam
581 4175 686 4225 occurrit
701 4175 766 4225 inter
783 4176 894 4240 Aeschyli
910 4177 1018 4226 dumata
1034 4176 1135 4242 perdita

193 4255 217 4317 l)
228 4257 257 4305 Il.
269 4258 375 4307 lxesa:
401 4260 434 4321 τῇ
452 4255 555 4318 πιθόμην
572 4256 616 4306 sai
630 4255 715 4321 ἵρεξα,
733 4256 816 4319 πατὴρ
835 4255 858 4305 δ’
875 4254 935 4319 ἐμὸς
952 4256 1037 4307 αὐτίκ’
1054 4256 1143 4315 bactris

402 4342 487 4390 πολλὰ
503 4344 643 4402 κατηρᾶτο,
658 4341 784 4403 στυγερὰς
799 4338 822 4387 δ’
831 4337 978 4389 irsstaasr’
993 4341 1115 4401 Ἐριιῦςιι.
1125 4357 1149 4388 τ.
1160 4349 1183 4388 λ.

159 4421 238 4471 Sebol.
266 4424 366 4473 tradunt
387 4424 564 4472 Aristodemum
587 4422 672 4486 legisse
689 4420 726 4471 ot
743 4420 848 4484 πιθόμην
867 4420 937 4470 οὐδ’
952 4420 1024 4488 teta,
1045 4420 1103 4472 ,ιιιιῒ
1119 4419 1250 4484 Εὐριπίδης
1267 4419 1295 4470 δὲ
1312 4422 1353 4470 ἀν-

164 4502 307 4565 αμάρτητοι
330 4504 429 4569 εἰσάγει
447 4506 490 4554 τὸν
507 4504 570 4566 ipsa
588 4500 613 4553 iv
629 4508 665 4566 τῷ
684 4503 800 4555 deleted.
819 4506 910 4554 Verum
926 4504 1073 4554 Aristodsmi
1090 4505 1161 4553 lectio
1178 4519 1226 4553 non
1242 4504 1354 4568 congruit

160 4600 212 4636 orm
229 4588 305 4652 patris
322 4588 488 4637 exsecratione.

1199 4686 1229 4734 ll
