3250 5217
787 417 849 481 197

220 618 277 681 pro
312 596 413 662 emico
437 600 570 661 mortem
594 597 682 663 obire
707 619 773 664 non
798 598 969 677 detrectat,
995 599 1120 666 Orestes
1139 621 1213 666 vero
1237 620 1303 665 non
1327 600 1405 664 sinit

217 724 308 782 eum,
327 705 439 789 utpote
462 706 569 769 mente
592 707 625 769 et
647 726 778 790 corpore
801 729 934 785 sanum,
957 728 1015 793 pro
1035 730 1086 785 se,
1100 708 1156 792 qui
1169 707 1407 792 utroquelebo-

216 812 317 887 reret,
343 813 477 875 mortem
500 814 667 896 oppetere;
692 827 772 878 nam
789 813 871 897 (605
896 815 992 899 sqq.):

804 935 846 999 rol
870 941 928 999 τῶν
952 934 1053 1015 Φίλων

445 1038 607 1119 αἴσχιστον
631 1034 714 1113 ὅστις
739 1042 935 1120 καταβαλὼν
958 1042 988 1113 ἐς
1012 1040 1175 1121 ξυμφορὰς

444 1146 536 1218 αὐτὸς
562 1146 724 1214 σέσωσται.

258 1283 338 1350 (lum
374 1284 423 1349 his
454 1284 660 1349 consentiunt
686 1284 791 1350 veriee
827 1285 1025 1363 sententiae,
1063 1308 1197 1372 querum
1233 1287 1406 1352 nonnullae

216 1411 385 1476 epponem.
410 1389 464 1457 Or.
490 1389 555 1456 805
579 1412 644 1475 sq.:
670 1390 825 1456 »Amicus
847 1376 1034 1469 familiaris,
1057 1392 1203 1476 quamvis
1223 1415 1241 1456 e
1262 1393 1356 1456 domo
1376 1396 1409 1457 et

216 1499 312 1581 gente
343 1494 484 1574 elienns,
508 1496 614 1581 potior
636 1499 684 1561 est
707 1519 803 1582 quam
830 1497 918 1561 mille
941 1498 1093 1582 cognati’
1119 1497 1173 1584 (cf.
1203 1498 1288 1563 1055
1313 1499 1407 1583 sqq.).

218 1602 281 1667 >In
309 1602 403 1667 rebus
429 1602 569 1667 adversis
594 1601 673 1667 nihil
701 1601 824 1668 dulcius
851 1605 900 1667 est
922 1603 1023 1668 emico
1047 1603 1155 1669 fideli”
1178 1604 1408 1689 (Andromach.

218 1706 303 1786 985,
334 1706 386 1771 Or.
423 1709 503 1786 727,
534 1707 575 1772 fr.
601 1708 665 1773 inc.
698 1709 775 1786 954,
809 1709 916 1787 1664).
954 1708 1098 1791 ›Amici,
1123 1710 1179 1793 qui
1202 1731 1268 1774 non
1291 1709 1409 1774 anxilio

216 1817 292 1878 sunt
321 1814 356 1877 in
374 1812 504 1879 fortuna
524 1814 673 1899 ancipiti,
696 1835 761 1879 non
780 1816 846 1879 veri
865 1819 942 1879 sunt
959 1815 1053 1879 amici
1071 1819 1125 1880 sed
1146 1837 1263 1881 nomen
1282 1820 1409 1880 tantum
1473 1824 1478 1833 '

117 1966 119 1975 ·
217 1920 339 1985 hahent
363 1920 542 1986 amicitiee’'
575 1920 643 2006 (Or.
681 1921 767 1999 454).
803 1920 948 1986 »Amicis
977 1921 1059 1986 nihil
1090 1923 1272 2007 proprium,
1301 1923 1410 1987 omnia

218 2026 397 2091 communie
412 2028 453 2112 ¹),
486 2027 582 2091 etiem
620 2048 667 2091 res
702 2026 873 2091 edversee”
907 2027 1084 2115 (Phoeniss.
1119 2029 1194 2106 243,
1227 2026 1281 2094 Or.
1319 2028 1406 2115 735).

216 2132 291 2217 Ipsa
315 2132 428 2197 verba:
455 2133 539 2197 κοινὰ
561 2134 624 2211 γὰρ
645 2135 688 2197 τὰ
709 2136 768 2198 σῶν
783 2133 883 2213 Φίλων
895 2134 1055 2218 proverbii
1067 2134 1171 2198 locum
1184 2133 1409 2211 obtinuerunt;

217 2260 298 2325 quae
322 2238 367 2306 M.
391 2238 515 2304 Tullius
538 2239 599 2304 hoc
624 2240 718 2305 modo
743 2239 871 2304 uberius
894 2240 1032 2325 explicat
1054 2240 1155 2323 (hael.
1178 2243 1216 2305 de
1237 2240 1340 2306 Amic.
1356 2241 1408 2317 16,

219 2347 293 2432 60):
325 2349 384 2410 »ut
413 2345 455 2409 sit
484 2346 569 2411 inter
600 2368 653 2410 eos
681 2346 825 2411 omniurn
848 2367 953 2411 rerum
978 2346 1182 2410 consiliorum
1204 2346 1408 2411 voluntatum

218 2452 286 2517 sine
310 2451 383 2517 ulla·
398 2452 584 2536 exceptione
608 2453 853 2519 communitas’'.

263 2557 349 2622 Talis
373 2562 478 2622 autem
502 2558 640 2637 amicus,
665 2559 720 2644 qui
744 2561 778 2624 et
799 2580 905 2623 rerum
924 2557 1132 2623 secundarum
1152 2562 1184 2624 et
1204 2558 1406 2623 adversarum

219 2666 303 2729 ultro
323 2664 361 2729 fit
379 2664 556 2750 particeps,
576 2669 624 2729 est
639 2665 728 2730 velut
739 2665 861 2730 luorum
873 2664 1070 2749 insperatum
1085 2662 1147 2750 (El.
1163 2665 1227 2729 606
1240 2666 1302 2750 sq.)
1312 2712 1320 2742 ,
1332 2686 1408 2729 nam

468 2773 553 2848 φίλοι
579 2770 641 2849 γάρ
666 2771 740 2835 εἰσιν
764 2771 845 2848 ἀνδρὶ
871 2771 1024 2850 δυστυχεῖ
1047 2793 1144 2845 rrum

217 2876 327 2963 (Herc.
359 2877 419 2944 fur.
453 2876 538 2955 559,
571 2876 612 2944 cl.
647 2876 769 2942 Phoen.
799 2876 896 2962 403),
921 2876 1189 2960 quemadmodum
1208 2873 1339 2940 Ovidius
1362 2874 1409 2937 ait

216 2982 323 3062 (Trist.
348 2983 374 3047 Ι.
401 2984 431 3048 9.
458 2982 509 3068 5);

423 3119 534 3186 Donec
557 3120 633 3186 felix
657 3121 718 3186 eris
737 3121 855 3185 multos
876 3120 1056 3185 numerabis
1077 3119 1213 3198 amicos,

422 3226 578 3310 Tempore
603 3227 630 3291 si
654 3226 773 3291 fuerint
795 3224 925 3303 nubila,
949 3224 1035 3289 solus
1058 3225 1128 3292 eris.

263 3362 351 3428 Haec
387 3364 495 3429 omnia
518 3364 598 3429 nihil
624 3364 776 3427 differunt
800 3385 819 3426 a
841 3363 964 3427 ratione
986 3383 1049 3446 que
1071 3362 1226 3440 Romani,
1252 3365 1329 3427 ute
1352 3360 1406 3427 (li-

218 3471 339 3537 ceronis
374 3470 455 3535 libro
491 3473 530 3535 de
560 3470 702 3535 amicitie
734 3470 883 3554 cognosci
914 3470 1037 3553 potest,
1065 3490 1128 3552 que
1150 3489 1210 3533 nos
1235 3468 1405 3532 amicitiem

219 3577 490 3661 contemplemnr3
515 3598 618 3661 neque
640 3576 814 3660 quidquam
834 3575 997 3639 invenitur
1018 3575 1101 3639 unde
1120 3596 1191 3639 cum
1210 3573 1272 3639 fide
1291 3576 1408 3659 conjici

218 3683 318 3767 possit
349 3704 420 3747 eum
453 3686 610 3769 spectasse
643 3682 813 3746 amicitiam
845 3681 971 3765 qualem
1004 3680 1064 3745 sibi
1091 3680 1235 3746 Socrates
1257 3687 1290 3745 et
1312 3681 1406 3745 Plato

217 3793 454 3874 proposuerunt
476 3790 618 3875 qualisve
645 3788 764 3854 Graeco
788 3808 875 3852 more
898 3787 1062 3852 colebatur
1074 3789 1110 3871 ²).
1134 3786 1238 3873 Supra
1256 3788 1323 3872 (pg.
1342 3788 1406 3851 168

218 3897 280 3979 sq.)
301 3895 438 3960 vidimus
462 3897 548 3960 locos
565 3898 735 3981 quosdam,
749 3895 805 3979 qui
823 3894 922 3958 videri
940 3893 1064 3978 possint
1083 3894 1123 3956 ad
1135 3892 1219 3956 hanc
1230 3914 1296 3957 rem
1309 3893 1407 3977 perti-

219 4021 312 4079 nere,
335 4022 463 4086 prorsus
482 4002 621 4066 incertae
643 4022 709 4065 esse
727 3999 1011 4084 interpretationis.
1031 3998 1119 4063 Idem
1131 3999 1226 4063 etiem
1239 3998 1407 4063 dicendum

253 4298 279 4360 l)
297 4300 333 4348 Of.
350 4300 510 4349 Andromach.
530 4298 578 4352 867
597 4315 641 4363 sq,
660 4297 699 4348 ubi
716 4314 744 4348 ea
760 4297 854 4346 verbaa
864 4298 988 4356 Menelao,
1006 4296 1059 4346 viro
1076 4295 1180 4358 abjecto,
1199 4296 1228 4344 ad
1241 4294 1408 4344 crudelitatem

219 4381 434 4431 accommodantur.

253 4464 280 4528 2)
299 4463 363 4528 Quid
381 4464 443 4528 qnod
461 4463 487 4512 in
505 4462 637 4527 Chrysippo
655 4463 774 4517 dramate,
793 4478 841 4525 qno
858 4460 1045 4527 repraesentavit
1061 4459 1165 4525 primurn
1182 4459 1207 4508 in
1224 4458 1324 4508 Graecia
1331 4472 1409 4507 exam·

219 4546 286 4612 plum
304 4542 394 4605 ’ἔρωτος
411 4542 541 4600 παιδικοῦ,
557 4558 658 4608 puerum
672 4547 779 4593 amatum
793 4546 892 4609 propter
905 4544 1021 4609 pudorem
1029 4546 1132 4592 mortem
1139 4541 1185 4591 siti
1194 4540 1335 4591 consciscere
1343 4540 1408 4589 fecit.
