3250 5217
744 412 789 477 93

167 596 288 659 natura
320 593 602 679 praetermittenda
631 598 664 660 et
691 595 823 661 celanda
845 594 968 684 esse¹);
990 597 1017 663 si
1040 598 1124 663 enim
1148 620 1187 664 ex
1210 599 1359 667 omnibus

166 700 272 765 literis
303 699 430 767 Graecis
457 701 524 766 eius
546 700 671 767 fabulas
692 701 796 767 solum
818 702 1011 788 legeremus,
1034 726 1101 770 non
1126 706 1359 791 suspicaremur

167 806 366 872 immortales
396 810 446 871 tot
472 807 556 872 vitiis
583 807 680 873 fuisse
709 809 894 874 maculatos.
923 809 1086 876 Summam
1104 813 1306 877 sanctitatem
1327 816 1360 878 et

164 912 327 995 justitiam
346 913 385 977 iis
407 913 521 999 ubique
541 913 679 979 ascribit.
700 913 810 980 Justos
829 916 1001 981 observant
1013 918 1045 983 ct
1056 915 1209 1002 injustos,
1223 940 1358 1005 quorum

168 1039 267 1084 nemo
287 1042 428 1104 unquam
449 1020 640 1106 supplicium
652 1021 765 1106 cffugit
778 1018 813 1107 ²).
826 1021 881 1087 Bis
893 1026 987 1106 pocta
998 1028 1224 1090 commemorat
1235 1048 1359 1091 summa

167 1128 339 1211 praccepta
373 1127 523 1205 moralia,
559 1150 639 1213 queo
669 1128 755 1193 inter
786 1150 896 1195 omnes
920 1130 1135 1208 conveniunt,
1157 1130 1263 1208 νόμους
1286 1132 1358 1199 illos

169 1234 353 1314 sysemera
387 1236 463 1319 (vid.
489 1256 543 1321 pg.
569 1238 642 1321 82);
667 1241 699 1302 ct
723 1259 915 1324 quamquam
938 1260 1005 1303 non
1029 1239 1155 1304 disertis
1178 1237 1283 1304 verbis
1305 1240 1357 1304 in·

169 1340 258 1405 dicat
289 1330 343 1406 cos
367 1362 386 1405 a
408 1341 469 1405 diis
495 1342 605 1426 generi
627 1341 768 1407 humano
792 1343 957 1428 impositos
979 1366 1063 1423 esse,
1087 1347 1196 1411 tamen
1220 1345 1361 1411 ostendit

169 1466 224 1512 eos
249 1468 321 1513 cum
346 1447 487 1512 numinis
510 1448 642 1534 imperio
670 1453 737 1514 arte
761 1448 926 1515 cohaerere
938 1451 976 1537 3).

666 1762 876 1777 -n-q-——u

616 2049 804 2135 CAPUT
826 2053 908 2137 IH.

253 2310 398 2362 amolo
423 2312 616 2364 Poronslrls
641 2312 735 2364 APUD
759 2293 1006 2365 PHIIosorflos‘
1021 2316 1065 2366 ΕΤ
1092 2316 1277 2368 sormsrss
1384 2345 1386 2348 ·

472 2426 583 2479 USQUE
608 2426 656 2477 AD
681 2426 861 2477 EURIPIDIS
885 2428 1059 2483 ΔΕΤΑΤΕΜ.
1106 2460 1108 2464 .

216 2609 363 2675 Vidimus
392 2610 493 2694 igitur
518 2610 696 2677 divinitatis
720 2611 884 2677 notionem
911 2613 996 2698 apud
1020 2612 1156 2679 Graecos
1179 2616 1356 2700 potentiam

170 2718 297 2781 tantum
329 2716 515 2801 complecti,
546 2738 599 2782 cos
622 2738 696 2782 vero
719 2720 799 2783 duce
822 2719 960 2783 naturali
982 2720 1108 2786 virtutis
1131 2721 1358 2789 informatione

148 2822 254 2888 0divis
274 2822 429 2907 paulatim
452 2824 606 2907 plurimas
631 2824 777 2889 tribuisse
801 2826 952 2907 virtutes,
977 2826 1055 2892 vitia
1078 2829 1197 2892 tradita
1220 2830 1357 2913 plerum-

171 2952 231 3017 que
251 2926 384 3008 celasse,
403 2930 504 3015 iisque
523 2930 558 2994 in
567 2930 662 2995 rebus
673 2930 822 2996 humanis
834 2936 935 2997 totam
946 2933 1087 3017 justitiae
1099 2936 1355 3017 procurationem

171 3060 357 3125 morumque
377 3060 542 3105 censuram
554 3040 731 3103 mandasse.
744 3037 805 3103 Sed
819 3040 1023 3123 quantumvis
1035 3040 1205 3118 emendati,
1218 3042 1358 3127 perfecta

172 3146 345 3231 sapientiae
364 3145 554 3229 virtutisque
566 3145 710 3229 exempla
722 3145 865 3209 nondum
878 3145 976 3210 rideri
988 3148 1148 3231 poterant.
1161 3147 1200 3211 Id
1213 3148 1356 3235 Aeschy-

171 3250 219 3317 lus
250 3275 348 3338 quum
379 3251 588 3337 perspiceret,
619 3250 882 3335 indignabundus
912 3252 989 3317 vitia
1020 3274 1128 3317 corum
1153 3254 1356 3339 vituperavit.

171 3357 324 3425 Nondum
346 3362 454 3424 tamen
477 3380 497 3422 a
519 3358 620 3441 poetis
644 3361 842 3443 negatum
867 3362 936 3424 crat
954 3362 1020 3424 tam
1038 3358 1181 3444 impuros
1192 3362 1267 3425 deos
1279 3383 1354 3430 esse.

169 3462 335 3550 Euripides
369 3464 489 3549 primus
519 3468 684 3549 poctarum
717 3464 829 3529 statuit
861 3465 955 3529 deum
986 3487 1052 3530 non
1077 3487 1142 3531 esse
1164 3487 1256 3552 posse
1277 3467 1355 3553 quin
1427 3470 1431 3478 ’

170 3572 258 3636 ornni
281 3574 387 3637 carcat
410 3569 487 3635 vitio
510 3570 723 3656 virtutemque
745 3569 864 3635 habeat
885 3570 1069 3655 perfectam.

214 3676 290 3743 Non
313 3681 421 3743 temon
443 3675 537 3743 huius
556 3677 732 3743 sententiae
751 3676 919 3763 Euripides
937 3682 1047 3743 auctor
1065 3681 1171 3763 potest
1192 3679 1263 3745 dici.
1277 3678 1355 3746 Phi·

205 3981 232 4045 1)
248 3979 334 4029 Trach.
350 3978 399 4032 497
417 3994 466 4044 sqq.
485 3978 584 4028 Veneris
599 3976 732 4043 potentiam
749 3976 869 4027 celebrans
885 3976 956 4028 dicit:
973 3975 1179 4039 aristarchos
1196 3976 1356 4042 παρέβαν,

172 4062 213 4113 sal
234 4061 300 4120 truc
322 4058 436 4124 Κρονίδαν
459 4060 591 4111 ἀπάτησεν
614 4057 648 4109 ot
675 4057 773 4124 λέγω,
790 4056 848 4108 esdr
864 4061 908 4110 riv
923 4057 1027 4121 ’ἔννυχον
1042 4057 1147 4118 Ἅιδαν,
1163 4058 1179 4118 o
1196 4058 1356 4112 Ποσειδάωνα

172 4142 304 4206 serm-opu
319 4142 403 4206 γαίας.

205 4226 233 4291 2)
249 4226 357 4290 [ongum
373 4227 409 4274 cst
426 4240 506 4275 omues
523 4225 608 4273 afferre
624 4223 701 4285 locos3
719 4222 766 4273 rid.
785 4224 872 4273 Trech.
890 4224 938 4273 les
956 4238 1008 4288 sqq.
1026 4223 1090 4273 Phil.
1108 4224 1172 4273 1oso
1182 4240 1216 4289 sq.
1234 4225 1293 4275 Oed.
1303 4226 1356 4278 001.

172 4308 236 4359 1101
254 4323 289 4372 sq.
307 4306 372 4359 1267
389 4322 423 4371 sq.
441 4307 478 4357 ni.
499 4307 548 4357 122
564 4322 613 4371 sqq.
631 4306 669 4356 nl.
688 4306 749 4365 lto,
767 4306 833 4356 1382
849 4321 883 4370 sq.

205 4393 233 4457 8)
250 4391 309 4441 Oed.
335 4392 364 4440 R.
388 4391 436 4444 8⁰7
459 4390 485 4441 in
507 4392 602 4440 ecthers
619 4405 658 4439 eos
674 4394 802 4455 prognatos
820 4389 996 4453 Olympumque
1013 4390 1090 4441 solum
1107 4406 1190 4441 eorum
1206 4406 1256 4439 csse
1272 4406 1356 4455 puren-

172 4477 220 4525 tsm
242 4472 307 4523 dicit.
331 4472 369 4523 ni.
394 4473 459 4521 loss
481 4476 550 4523 vocet
575 4474 687 4523 »deorum
710 4470 801 4536 leges”;
820 4470 912 4537 pariter
930 4470 1009 4536 dutig.
1026 4475 1089 4532 454,
1107 4472 1147 4522 ubi
1164 4475 1244 4522 tumen
1260 4470 1356 4536 subjicit

172 4554 323 4607 nemiuem
340 4553 464 4606 novisse
491 4556 568 4605 uude
592 4553 798 4605 manaverint.
