3250 5217
751 416 793 480 17

172 602 271 667 animi
316 598 570 664 dubitationibus
605 597 905 682 quaestionibusque
940 598 1168 664 curiosioribus
1209 600 1369 664 commoti.

172 710 335 774 Incertum
355 726 421 771 esee
439 704 573 788 legimus
598 708 755 787 quantum
780 704 824 767 dii
848 725 897 768 res
922 703 1080 769 humanas
1103 726 1214 770 ourare
1234 706 1372 790 putandi

174 817 249 881 sint.
264 812 291 899 ¹)
322 810 391 875 Dea
421 809 610 876 calamitatis
637 830 773 894 magnae
795 813 908 874 auctor
931 810 1166 889 erudelissima,
1192 816 1224 877 et
1246 813 1287 877 ab
1311 812 1370 876 ho-

175 920 315 986 minibus
334 916 484 1002 piissimis
507 920 539 981 et
562 916 602 979 ab
622 915 722 979 altera
745 916 804 979 dea
826 936 932 980 sorore
956 916 1098 999 graviter
1122 917 1371 1004 vituperaturl),

175 1026 367 1093 excusantur
393 1042 466 1086 vero
490 1021 545 1105 qui
568 1021 634 1086 eius
657 1020 689 1084 ri
713 1021 814 1085 eoacti
838 1031 1052 1105 peceaverunt
1065 1025 1122 1087 aut
1133 1027 1322 1089 erraverunt
1335 1026 1372 1110 3).

175 1131 347 1197 Paullatim
371 1129 514 1193 animum
537 1134 649 1212 poetae
672 1131 831 1192 mutatum
855 1128 949 1194 faoile
971 1130 1135 1195 sentimus.
1153 1132 1182 1216 ι)

220 1238 357 1303 Hancne
387 1257 453 1301 rem
481 1235 547 1319 jam
581 1236 615 1298 in
640 1234 817 1319 Hippolyto
841 1236 948 1299 velato
970 1236 1104 1301 indicari
1128 1237 1287 1314 dieamus,
1316 1238 1372 1321 qui

175 1348 363 1411 coronatum
387 1343 621 1405 antecesserat?
634 1342 661 1425 ὅ)
687 1340 725 1403 ln
748 1340 939 1426 fragmentis
962 1342 1048 1406 enim
1070 1342 1189 1427 legitur
1212 1344 1372 1409 sententia
1489 1337 1492 1342 ’

173 1450 286 1534 judieii
309 1448 415 1512 minus
439 1447 517 1511 reeti
542 1447 579 1510 de
602 1468 636 1511 re
659 1467 726 1509 non
750 1446 917 1511 nominata
940 1448 1014 1512 deos
1039 1468 1186 1532 arguens.
1200 1450 1227 1534 ο)

221 1554 325 1639 Supra
347 1554 485 1618 vidimus
508 1555 583 1617 ante
605 1552 825 1617 Aeharnenses
845 1552 895 1619 01.
918 1556 994 1631 88,3
1015 1554 1050 1617 in
1071 1576 1198 1620 soenam
1217 1556 1371 1641 prodiisse
1388 1569 1438 1617 425
1540 1602 1542 1606 -

176 1659 314 1737 Cressae,
339 1659 558 1735 Philoctetam,
582 1658 768 1742 Telephum,
782 1659 986 1737 Phoenicem,
998 1660 1067 1737 Ino,
1082 1660 1373 1746 Bellerophontem.

177 1766 225 1831 De
247 1767 350 1831 tribus
374 1766 533 1850 prioribus
557 1764 689 1842 fabulis,
714 1786 848 1849 quarum
872 1766 1113 1831 aetas-aliunde
1133 1771 1219 1831 certo
1238 1772 1372 1853 constat⁷

175 1873 242 1959 jam
282 1872 358 1938 dixi.
406 1870 483 1935 Tres
514 1871 721 1954 posteriores,
751 1870 828 1954 quia
857 1870 1027 1955 ignoratur
1061 1876 1141 1955 quot
1172 1873 1265 1937 annis
1299 1877 1375 1937 ante

178 1979 259 2045 Aah.
293 1980 405 2044 doctae
436 1976 517 2053 sint,
547 1997 649 2060 neque
673 1975 772 2060 igitur
796 1976 950 2040 constitui
973 1979 1079 2060 potest
1101 1982 1208 2042 utrum
1232 1981 1308 2043 ante
1332 2001 1375 2042 an

178 2089 252 2172 post
274 2084 488 2170 Hippolytum
512 2102 587 2159 eor,
612 2104 723 2167 parurn
745 2082 813 2167 opis
833 2081 976 2147 conferre
996 2085 1142 2167 possunt.
1165 2082 1257 2147 Nihil
1268 2087 1374 2149 autem
1479 2074 1481 2077 Α

179 2193 272 2278 quale
302 2191 338 2255 in
365 2190 544 2275 Hippolyto
579 2189 760 2254 notavimus
794 2190 960 2255 invenitur
982 2190 1069 2254 inter
1094 2190 1263 2255 Phoenieis
1286 2190 1374 2275 frag·

180 2300 304 2375 menta,
336 2298 372 2362 in
403 2299 592 2381 argumento
617 2295 795 2370 simillimo,
809 2298 836 2381 ⁷)
861 2318 964 2380 neque
986 2297 1070 2362 inter
1094 2318 1131 2361 ea
1154 2319 1236 2382 quae
1259 2297 1375 2361 deluo

180 2407 305 2469 serrata
328 2407 414 2468 sunt.

141 2592 144 2597 y
224 2510 358 2574 Prorsus
389 2508 480 2573 aliter
511 2531 544 2573 se
565 2508 664 2573 habet
687 2508 852 2593 tragoedia
872 2508 1148 2593 Bellerophontis,
1173 2510 1229 2593 qui
1252 2510 1375 2595 Pegaso

180 2618 289 2681 reatus
320 2616 442 2681 eoelum
474 2616 588 2700 petivit
619 2617 651 2680 et
681 2615 714 2679 in
749 2618 866 2679 terram
897 2616 1037 2700 dejectus
1070 2616 1144 2681 deos
1159 2620 1377 2683 ‘contemnere

181 2722 295 2806 eoepit.
330 2720 487 2807 Bxeerpta
513 2722 650 2805 legimus
686 2743 831 2785 amarum
860 2720 1010 2785 fortunae
1035 2721 1193 2786 humanae
1215 2722 1377 2807 divinique

179 2827 304 2912 imperii
332 2828 489 2911 judicium
518 2827 761 2912 exhibentia,⁸)
794 2827 873 2911 quin
904 2828 1001 2891 etiam
1026 2850 1125 2892 unum
1149 2828 1188 2895 fr.
1214 2831 1289 2894 deos
1310 2851 1378 2895 esse

180 2955 310 3019 prorsus
331 2954 462 3019 negans.
476 2935 503 3019 1)
524 2932 654 2999 Certum
673 2933 932 3018 Bellerophontis
962 2957 1085 2998 annum
1105 2935 1204 3000 latere
1223 2934 1376 3011 vidimus;

180 3044 254 3105 ante
278 3040 492 3125 Hippolytum
515 3063 571 3125 per
594 3041 672 3104 duas
691 3041 836 3125 integras
855 3039 984 3105 fabulas
1004 3043 1038 3105 et
1056 3042 1128 3127 plus
1147 3046 1276 3107 eentum
1288 3041 1377 3126 frag·

180 3150 289 3211 menta
312 3146 508 3232 perditarum
532 3145 613 3210 nihil
636 3149 675 3209 de
699 3144 759 3209 diis
783 3145 881 3230 impie
901 3146 1021 3211 dietum
1042 3147 1180 3211 inveniri
1192 3147 1319 3223 monui;
1336 3184 1376 3195 -

177 3252 246 3336 jam
269 3252 433 3336 quaeritur
453 3274 494 3316 an
513 3251 591 3316 haee
610 3251 789 3316 observatio
810 3252 887 3316 satis
906 3251 1024 3317 habeat
1043 3252 1195 3336 ponderis
1206 3255 1243 3318 ut
1254 3253 1379 3317 inversa

180 3360 304 3424 ratione
328 3359 514 3424 concludere
538 3358 709 3443 possimus:
735 3357 809 3422 illae
833 3359 1011 3423 sententiae
1035 3359 1152 3443 impiae
1174 3380 1377 3444 magnacum

180 3464 404 3548 probabilitate
435 3465 673 3541 demonstrant,
697 3463 1076 3548 Bellerophontem
1103 3469 1282 3530 autnon
1307 3468 1380 3530 aut

180 3568 432 3635 brevissime
452 3572 548 3634 ante
567 3568 847 3654 Hippolytum
868 3590 957 3635 esse
977 3570 1378 3655 oompositum,nullo

218 3812 242 3871 1)
258 3810 299 3859 Vs.
319 3810 385 3858 1103
403 3824 453 3874 sqq.

216 3894 244 3958 2)
261 3893 304 3943 Vs.
323 3893 402 3953 1301,
421 3892 659 3956 1400,1420sqq.-,
679 3892 755 3951 1001,
775 3891 937 3949 1140,1303
956 3906 1016 3955 sqq.

217 3978 244 4038 8)
261 3976 303 4025 Vs.
320 3975 384 4024 1301
402 3990 461 4039 sqq,
478 3974 543 4024 1330
560 3989 619 4038 sqq,
638 3976 703 4024 1433
721 3990 761 4039 sq.

216 4058 244 4123 4)
262 4058 302 4109 Cl.
319 4058 384 4107 infra
400 4074 421 4107 o.
439 4058 454 4106 3
472 4058 483 4119 5
503 4057 527 4106 2.
647 4100 650 4103 .

217 4140 244 4205 0)
261 4140 299 4189 Cf.
317 4139 461 4189 Philoctetis
478 4139 509 4189 tr.
526 4137 583 4197 703,
601 4139 693 4203 dequo
711 4154 732 4188 v.
750 4137 814 4187 intra
831 4139 898 4187 Part.
918 4138 958 4187 111
978 4140 998 4187 B
1017 4156 1038 4189 o.
1055 4141 1079 4188 0.

219 4223 247 4287 0)
264 4222 304 4272 rr.
321 4223 380 4271 448.

217 4304 244 4369 l)
263 4304 387 4353 Nanolrius
403 4318 488 4367 magna
505 4319 559 4352 curn
575 4302 742 4368 probabilitate
760 4303 864 4351 ostendit
881 4309 1048 4365 argumentum
1065 4302 1208 4367 deprehendi
1223 4302 1286 4369 apud
1304 4302 1381 4368 Apol-

82 4428 86 4434 .
183 4386 294 4435 ludorum
311 4386 360 4435 111.
378 4386 400 4434 3.
410 4386 433 4434 8.
451 4383 577 4434 Phoenicis
593 4385 719 4435 historiam
735 4384 874 4434 summatim
890 4384 992 4433 tradidit
1010 4384 1144 4444 Homerus,
1164 4384 1195 4433 Il.
1215 4386 1252 4433 lx
1269 4386 1334 4445 403,
1352 4384 1381 4432 de

182 4483 230 4532 qno
247 4456 299 4517 loeo
316 4483 339 4517 v.
355 4466 420 4515 infra
435 4467 503 4515 Part.
520 4466 556 4515 1v
574 4482 593 4517 o.
613 4468 629 4515 3
647 4470 658 4529 5
675 4468 702 4517 0.

216 4549 244 4614 a)
263 4549 304 4599 rr.
321 4549 370 4599 aar
389 4550 420 4599 a·
432 4548 488 4597 aas.
842 4548 869 4614 a)
887 4548 927 4598 rr.
945 4549 1005 4599 aas.

1249 4628 1266 4676 s
