3250 5217
833 393 877 463 86

263 577 395 663 vigilum
426 578 564 645 nubibus
594 582 749 645 tectorum
781 579 888 646 omnia
917 600 999 665 quae
1028 577 1063 643 in
1085 580 1170 643 terra
1191 577 1275 642 fiunt
1295 575 1370 644 Jori
1391 577 1442 641 in·

265 683 375 751 dicant
387 682 424 772 ¹).

307 790 427 859 Eadem
450 792 502 858 via
525 796 664 877 pergunt
694 796 844 878 poetae
873 792 1018 877 lyrici;
1043 791 1097 856 sed
1122 789 1340 875 distinguendi
1364 793 1440 855 sunt

199 914 247 967 ooo
263 901 458 987 antiquiores
477 902 513 993 ¹et
534 900 734 966 recentiores.
759 898 811 964 Ab
836 898 886 965 01.
906 899 1030 965 enaiim
1049 899 1090 962 31
1109 896 1223 963 Graeci
1236 896 1336 980 magis
1347 917 1443 982 quam

264 1012 358 1073 antea
389 1006 541 1073 doctrinis
575 1005 730 1091 religiosis
762 1006 917 1092 rebusque
950 1004 1063 1071 ethicis
1096 1006 1220 1070 studere
1254 1004 1446 1087 coeperunt,

265 1114 353 1179 cuius
382 1113 429 1180 rei
449 1113 633 1179 testimonia
656 1116 747 1177 erant
772 1112 858 1177 varia
881 1112 1021 1177 carmina
1043 1109 1225 1195 theologica
1245 1110 1281 1173 in
1303 1108 1444 1174 Onoma-

265 1220 336 1285 criti
371 1219 479 1285 schola
513 1219 706 1304 composita,
736 1222 769 1284 et
798 1217 897 1303 lyrica
928 1218 1030 1283 multa
1060 1238 1141 1303 quac
1172 1216 1381 1282 versabantur
1410 1214 1446 1278 in

264 1315 440 1412 praeceptis
479 1325 650 1391 moralibus
684 1325 814 1390 edendis
848 1324 1033 1410 (gnomiea).
1079 1323 1249 1408 Ingenium
1282 1340 1446 1406 moresque

265 1432 430 1499 hominum
452 1432 487 1497 in
510 1432 576 1497 dies
598 1430 798 1496 humanitate
821 1431 1077 1515 perpoliebantur
1098 1430 1255 1516 simulque
1277 1428 1445 1513 opiniones

265 1540 304 1606 de
327 1539 387 1603 diis
410 1538 670 1606 emendabantur.
694 1538 766 1603 Hoc
789 1541 931 1621 tempore
955 1536 1110 1603 vocabula
1133 1537 1147 1601 d
1170 1535 1234 1609 θεὸς
1259 1539 1292 1600 et
1315 1533 1349 1598 τὸ
1374 1532 1448 1597 θεῖον

265 1645 411 1730 usurpari
440 1647 554 1729 coepte
576 1649 650 1710 sunt
672 1665 730 1727 pro
752 1644 812 1708 diis
839 1643 1008 1720 universis,
1031 1642 1121 1727 quasi
1145 1642 1180 1706 in
1202 1663 1303 1707 unum
1325 1660 1444 1706 numen

266 1773 376 1817 omncs
399 1751 675 1816 confunderentur.
706 1748 853 1816 Ceterum
876 1749 973 1835 vulgo
996 1747 1070 1813 Jori
1092 1770 1215 1813 morum
1239 1767 1372 1813 censura
1395 1746 1444 1809 at·

265 1858 427 1924 tribuitur.
448 1857 510 1923 Hic
526 1858 634 1923 omnic
646 1860 776 1942 peccata
788 1856 896 1921 ulcisci
906 1856 1045 1921 creditur
1056 1877 1076 1919 a
1087 1853 1204 1921 Solone
1216 1853 1316 1939 (apud
1327 1850 1444 1936 Bergk.

265 1965 400 2032 Anthol.
432 1965 492 2050 lyr.
519 1966 570 2043 13,
599 1965 671 2051 17);
702 1962 909 2048 Bacchylides
938 1962 1017 2028 dicit
1039 1983 1110 2027 eum
1133 1960 1242 2025 omnia
1264 1959 1369 2023 ridere
1390 1976 1449 2021 neo

266 2076 374 2139 tamen
398 2072 515 2137 doloris
539 2075 699 2137 auctorem
723 2091 807 2148 csse,
823 2091 940 2135 rerum
958 2068 1118 2153 justitiam
1142 2066 1290 2132 omnibus
1312 2061 1448 2129 homini·

267 2170 380 2243 busin
399 2180 549 2262 promptu
568 2198 634 2242 esse
653 2178 752 2262 (apud
771 2174 891 2260 Bergk.
908 2174 946 2239 ir.
968 2174 1031 2239 ine.
1054 2174 1130 2260 29);
1151 2162 1358 2238 Archilochus
1377 2192 1450 2236 eum

264 2284 421 2370 justitiam
454 2283 707 2369 injustitiamque
741 2282 908 2347 hominum
942 2280 1108 2345 observare
1138 2279 1227 2365 (ibid.
1261 2279 1352 2364 epod.
1383 2279 1449 2364 88).

265 2389 347 2467 Quid
384 2390 469 2474 quod
502 2388 679 2454 Simonides
714 2387 797 2454 Cous
833 2388 881 2473 (in
916 2385 1066 2471 epinicio)
1099 2385 1237 2451 affirmat
1269 2384 1452 2449 hominibus

266 2495 487 2561 difficillimum
519 2516 585 2560 esse
614 2494 723 2580 probis
753 2493 841 2564 ficri:
870 2492 1092 2577 inprobitate
1115 2514 1243 2558 manere
1267 2495 1393 2569 autem,
1417 2490 1451 2555 id

266 2624 364 2688 quum
394 2602 567 2666 humanam
589 2602 740 2667 virtutem
763 2603 907 2685 superet,
931 2601 973 2679 τῷ
996 2601 1051 2680 θεῷ
1075 2602 1202 2677 tontum
1224 2599 1323 2663 tribui
1345 2619 1448 2683 posse.

265 2706 427 2793 Theognis
450 2729 517 2774 non
540 2708 647 2774 minue
669 2708 740 2793 pius
763 2708 904 2785 ridetur,
927 2707 981 2772 sed
1002 2706 1096 2771 rebus
1119 2705 1257 2771 adversis
1280 2705 1453 2769 malorum·

266 2836 327 2901 quc
357 2816 412 2901 (an
435 2815 637 2900 popularium
646 2816 672 2894 l)
695 2813 847 2879 felicitate
870 2813 1075 2878 exacerbatus
1097 2811 1269 2898 aliquando
1292 2811 1452 2896 querimo-

267 2921 329 2986 niis
364 2925 396 2987 et
430 2921 683 2987 accusationibus
717 2919 807 2986 Joris
839 2920 1005 3005 indulget,
1039 2919 1093 3005 qui
1126 2919 1272 3005 quamvis
1309 2919 1453 2984 omnium

266 3028 432 3095 hominurn
459 3028 582 3095 animos
605 3032 784 3113 perspectos
807 3026 941 3106 habeat,
965 3030 1073 3091 tamen
1096 3026 1213 3111 probos
1237 3029 1269 3090 et
1290 3024 1452 3109 improbos

266 3138 375 3201 cadem
410 3136 495 3200 sorte
514 3134 645 3210 afficiat
679 3135 777 3219 (apud
807 3131 845 3197 Β.
876 3155 922 3198 rs.
955 3134 1020 3199 373
1050 3135 1144 3218 sqq).
1178 3130 1290 3216 Neque
1322 3130 1454 3196 Pindari

266 3241 437 3329 praeterire
460 3262 588 3327 possum
610 3240 802 3307 sententiam
825 3239 985 3325 insignem
1009 3239 1048 3303 de
1067 3239 1198 3303 deorum
1218 3240 1353 3315 natura,
1374 3258 1454 3324 quae

268 3347 347 3415 mihi
369 3347 487 3433 optimc
510 3348 694 3432 opinionem
717 3346 905 3431 popularem
924 3345 1099 3430 exprimere
1116 3344 1250 3411 ridetur.
1275 3343 1365 3410 Idem
1377 3343 1454 3409 dicit

269 3476 336 3521 esse
369 3456 499 3519 deorum
530 3453 759 3539 hominumque
783 3473 885 3538 genus
908 3454 1081 3538 eademque
1102 3450 1225 3537 origine
1249 3454 1372 3533 ortum,
1398 3450 1454 3517 sed

267 3560 349 3627 rires
371 3562 439 3625 tam
461 3559 600 3625 diversas
622 3581 688 3625 esse
712 3563 749 3624 ut
771 3559 805 3624 hi
829 3558 958 3645 fragiles
980 3561 1077 3643 atquc
1099 3558 1178 3623 adeo
1200 3556 1281 3623 nulli
1302 3556 1385 3635 sint,
1404 3554 1453 3621 illi

268 3688 341 3733 vero
364 3665 449 3731 firmi
472 3670 568 3753 atque
585 3665 786 3751 sempiterni;
810 3668 1044 3752 quodammodo
1063 3668 1170 3730 tamen
1187 3663 1226 3729 iis
1245 3662 1451 3749 comparandi

268 3795 376 3841 sumus
398 3774 464 3839 sire
489 3777 627 3839 mentem
649 3772 715 3839 sire
737 3772 874 3857 figuram
896 3776 1036 3857 spectes,
1060 3791 1254 3857 quamquam
1264 3770 1450 3856 ignoramus

268 3901 362 3966 quem
392 3878 427 3944 in
457 3882 575 3945 statum
604 3900 664 3944 nos
687 3878 818 3944 fortuna
840 3879 936 3944 ducat
959 3876 1064 3964 (Nem.
1089 3876 1147 3944 VI.
1175 3877 1288 3958 1-9).
1314 3874 1453 3941 Deorum

267 3985 401 4052 uirtutes
432 4006 557 4071 quoquc
587 3985 765 4070 praedicat,
795 4007 849 4050 eos
871 4006 946 4050 vero
968 3984 1131 4069 increpare
1154 3987 1230 4048 ante
1253 3983 1361 4049 omnia
1386 4004 1453 4048 me·

268 4091 349 4169 tuit,
372 4113 503 4176 pravam
527 4114 596 4156 eam
615 4091 764 4177 judicans
785 4090 977 4177 sapientiam
1001 4089 1066 4175 (01.
1089 4085 1147 4157 IX.
1166 4086 1221 4155 -37
1244 4090 1318 4177 sq).

314 4198 463 4263 Potentia
492 4198 601 4263 divina
630 4220 650 4261 a
671 4198 773 4284 poetis
795 4197 902 4282 lyricis
924 4196 1073 4262 omnibus
1095 4194 1350 4281 frequentissime
1372 4193 1454 4260 cele-

305 4544 330 4605 1)
348 4542 389 4592 Vr.
405 4542 455 4593 lae
471 4558 522 4608 sqq.
539 4542 564 4591 id
580 4558 665 4594 munus
681 4542 762 4607 generi
778 4557 850 4593 aureo
865 4540 980 4594 exstineto
997 4539 1136 4593 mmdatmn
1155 4553 1205 4592 aare
1224 4535 1289 4592 dicit.
