3250 5217
839 380 881 443 98

262 560 453 645 opponitur,
489 560 580 645 quasi
608 562 733 625 ‘certum
763 559 927 645 Euripidis
957 558 1110 645 placitum
1134 558 1324 643 accipiamus
1340 557 1373 639 1).
1413 557 1455 621 In

262 666 452 752 quibusdam
483 666 577 733 huius
616 667 729 733 aetatis
761 667 949 752 fragmentis
971 665 1151 752 Euripideis
1174 666 1306 751 insuper
1329 662 1455 741 ἀνάγκη

262 794 327 836 nna
350 794 422 837 oum
445 772 505 837 diis
528 776 795 838 commemoratur
808 769 845 858 ²).

307 878 348 943 In
371 878 520 943 omnihus
544 878 638 944 huius
661 864 814 965 temporie
837 879 989 944 dramatis
1012 879 1067 964 pia
1089 878 1194 943 elucet
1216 878 1346 943 deorum
1365 898 1454 941 reve·

263 984 385 1063 remia,
410 986 648 1071 compluresque
670 985 824 1071 leguntur
841 986 1018 1051 sententiae
1035 1006 1144 1049 eorum
1165 983 1343 1069 potentiam
1359 982 1456 1067 justi·

263 1089 404 1175 tiamque
428 1093 600 1155 testantes:
622 1091 703 1156 nihil
723 1092 817 1156 iniis
836 1092 991 1175 injustum
1012 1094 1076 1173 est,
1098 1112 1208 1155 verum
1227 1111 1277 1154 res
1298 1088 1458 1153 humanae

262 1193 395 1279 flagitiis
418 1196 567 1261 turbatae
590 1200 667 1262 sunt
691 1196 769 1283 (Pel.
795 1196 836 1261 fr.
863 1198 961 1281 699);
984 1196 1093 1261 omnia
1110 1195 1194 1273 divi,
1214 1194 1340 1259 etiamsi
1359 1215 1456 1258 cunc·

58 1242 71 1267 ο
153 1379 155 1383 ¹
263 1303 391 1378 tantur,
421 1305 531 1367 tamen
554 1304 698 1388 tempore
721 1302 891 1388 perficiunt
914 1302 1065 1388 (Philoct.
1089 1301 1129 1366 fr.
1156 1302 1244 1386 797).
1280 1300 1456 1392 Inhledea

264 1405 360 1491 (157,
386 1407 472 1473 1013
491 1408 554 1493 eq.)
574 1408 618 1472 dii
637 1430 709 1473 oum
721 1408 778 1472 illa
789 1410 829 1473 de
839 1409 954 1473 tasone
965 1430 1084 1493 poenas
1096 1430 1218 1472 sumere
1230 1410 1403 1472 creduntur
1416 1400 1454 1482 ³)j

264 1510 356 1585 Quod
383 1533 458 1577 vero
482 1516 613 1578 deorum
634 1514 761 1599 justitia
783 1514 819 1579 in
840 1514 890 1579 his
913 1514 1068 1579 dramatis
1091 1513 1308 1599 praedicatur,
1332 1513 1365 1577 id
1387 1512 1457 1577 leve

263 1621 370 1702 potest
393 1619 511 1698 videri,
533 1620 685 1705 quoniam
704 1621 738 1685 in
757 1621 905 1685 omnibus
916 1620 1032 1686 fabulis
1044 1641 1152 1685 eorum
1164 1620 1274 1685 landes
1285 1620 1456 1707 leguntur3

263 1728 297 1788 at
328 1746 395 1789 non
420 1725 488 1790 leve
512 1728 668 1811 estquod
692 1728 727 1791 in
750 1726 912 1793 Alcestide
937 1748 1049 1804 nemo,
1074 1726 1220 1811 quamvis
1245 1746 1386 1790 moerore
1409 1723 1458 1788 af-

262 1829 383 1914 flictus,
407 1832 724 1917 quantulumcunque
744 1833 949 1919 reprehendit
970 1853 1100 1917 superos
1119 1832 1174 1916 qui
1193 1830 1344 1897 feminam
1364 1852 1457 1915 prae-

263 1936 492 2001 stantissimam
525 1942 627 2004 morte
657 1939 760 2024 abripi
790 1940 918 2016 sinaut;
950 1961 1052 2023 neque
1075 1939 1144 2002 leve
1167 1941 1321 2022 estquod
1346 1936 1458 2001 Medea

265 2063 331 2106 non
356 2043 495 2108 divinam
523 2044 834 2111 administrationem
858 2045 1021 2131 improbat
1043 2066 1123 2130 quae
1146 2044 1226 2109 tales
1250 2044 1333 2108 viros
1354 2043 1457 2127 qualia

262 2154 311 2213 est
345 2150 417 2215 Iaso
445 2149 549 2215 vivere
572 2152 714 2235 patietur
728 2152 764 2237 ⁸).
797 2151 910 2236 Neque
934 2174 951 2216 e
973 2152 1150 2228 Phoenice,
1174 2151 1264 2215 onius
1287 2170 1456 2234 argumen-

261 2257 331 2318 tum
360 2255 423 2320 fere
454 2255 538 2319 idem
569 2256 632 2320 fuit
665 2260 750 2341 qnod
784 2257 972 2342 Hippolyti,
1004 2278 1107 2341 neque
1130 2279 1148 2319 e
1171 2258 1221 2320 tot
1245 2256 1316 2321 aliie
1339 2254 1456 2320 fabulis

261 2360 328 2424 ulla
345 2360 482 2426 refertur
497 2363 626 2427 deorum
648 2363 842 2448 vituperatio
855 2364 900 2448 ⁵);
921 2384 1002 2448 quaa
1022 2363 1131 2426 omnia
1142 2363 1317 2426 ostendunt
1328 2365 1456 2445 poetam

261 2468 300 2530 de
322 2464 362 2530 iis
384 2466 445 2530 hac
467 2469 571 2531 aetate
596 2471 740 2532 nondum
764 2468 942 2547 dubitasse,
968 2472 1005 2532 nt
1028 2490 1124 2553 supra
1143 2470 1211 2553 jam
1236 2468 1427 2533 monuimus.

305 2569 355 2633 Er
379 2570 492 2635 ultima
512 2575 639 2637 tantum
665 2574 837 2659 tetralogia
861 2576 1034 2659 supersunt
1055 2574 1089 2637 hi
1109 2573 1252 2659 quinque
1267 2572 1390 2662 senarii
1402 2572 1455 2658 (fr.

260 2675 344 2741 Phil.
372 2678 437 2743 793
460 2681 545 2763 apud
570 2678 658 2745 Stoh.
684 2681 741 2745 eol.
765 2679 809 2745 Π.
837 2682 866 2747 1.
892 2683 922 2745 2.
948 2682 1000 2766 4);

509 2785 542 2850 rl
565 2784 643 2861 δῆτα
665 2786 766 2859 θάκοις
791 2795 951 2865 μαντικοῖς
977 2786 1109 2866 eripiet

509 2897 618 2974 σαφῶς
643 2892 796 2970 διδμνυσθ’
821 2893 931 2959 εἰδέναι
954 2894 997 2958 τὰ
1020 2891 1187 2972 duraturum

509 2998 541 3062 οὐ
565 2998 657 3064 τῶνδε
679 3001 884 3080 χειρώνακτες
907 2998 1051 3079 ἄνθρωπος
1075 2997 1197 3077 λόγων·

511 3100 592 3177 ὅστις
618 3106 681 3185 γὰρ
705 3108 804 3187 αὐχεῖ
825 3107 895 3170 θεῶν
919 3106 1105 3171 ἐπίστασθαι
1130 3104 1196 3185 πέρι

505 3209 587 3276 οὐδέν
611 3234 641 3275 τι
665 3216 789 3288 μᾶλλον
812 3208 893 3278 οἶδεν
917 3212 933 3286 ἢ
958 3213 1070 3278 πείθειν
1092 3210 1211 3295 λέγων,

270 3360 450 3373 -..----

296 3428 322 3494 l)
342 3430 412 3494 Quod
436 3429 561 3481 hdhlrerus
586 3432 667 3482 iecisse
693 3434 802 3491 videtur,
826 3450 845 3484 a.
872 3433 955 3483 Theol.
982 3450 1005 3483 u.
1031 3433 1106 3482 nihil
1131 3433 1154 3482 d.
1180 3432 1238 3481 Eur.
1261 3431 1406 3493 (Schulechr.
1430 3433 1452 3481 d.

262 3509 400 3561 Grosehera.
423 3512 514 3562 Ilriedr.
538 3514 614 3563 Ilranz
631 3531 711 3579 gymu.
731 3517 823 3581 lece),
840 3532 911 3581 quem
928 3515 1004 3565 miror
1020 3532 1057 3581 pg.
1077 3514 1109 3566 27
1127 3531 1160 3580 sq.
1179 3515 1320 3564 contendere
1337 3513 1381 3563 rati
1398 3529 1455 3564 auc·

261 3592 386 3642 toritatem
404 3595 530 3660 praecipue
547 3599 644 3646 auctore
661 3597 775 3663 Euripide
790 3600 853 3663 apud
868 3602 959 3647 veteres
972 3598 1114 3657 invaluisse,
1128 3613 1202 3662 quum
1218 3601 1287 3647 antee
1301 3597 1367 3645 nulle
1382 3612 1455 3662 paene

205 3728 208 3735 ⁴
261 3674 353 3723 fuisset.
380 3674 418 3725 cf.
437 3679 520 3725 contre
538 3677 709 3742 Spenglerum,
728 3679 841 3743 Theolog.
860 3679 919 3729 Eur.
936 3683 984 3744 trg.
1001 3696 1040 3744 pg.
1060 3681 1092 3729 12
1108 3684 1133 3727 ct
1150 3681 1181 3728 13
1199 3679 1295 3743 (Progr.
1314 3679 1336 3727 d.
1356 3678 1454 3729 Kethol.
1527 3712 1531 3721 -

261 3756 349 3820 (lyme.
374 3756 438 3805 Koln
468 3758 645 3824 laea-lece)
671 3764 695 3809 et
721 3761 849 3819 Haeeium,
874 3761 999 3811 Jahrhnch
1018 3762 1059 3811 dee
1072 3761 1262 3825 Paedegogiums
1278 3776 1297 3810 a.
1315 3760 1414 3811 Kloeter
1430 3778 1453 3811 n.

260 3838 277 3888 l.
293 3837 388 3887 Frauen
407 3838 433 3887 in
451 3840 615 3905 Magdeburg,
633 3844 701 3891 Neue
718 3843 796 3893 Forte.
814 3844 876 3893 Hert
893 3846 926 3895 93
943 3860 982 3910 pg.
1000 3845 1039 3892 16.

295 3920 323 3982 9)
342 3920 405 3970 nic.
424 3921 454 3971 ir.
465 3923 554 3983 eeo‚v.
565 3927 593 3973 5:
614 3927 699 3973 σκαιόν
715 3942 742 3973 τι
760 3924 789 3983 δι)
807 3927 838 3975 τὸ
855 3928 945 3989 χρῆμα
960 3925 1091 3989 γίγνεσθαι
1108 3928 1190 3988 othei,

614 4003 671 4053 θεῶν
688 4004 802 4069 ἀνάγκας
819 4006 891 4066 ὅστις
909 4006 992 4057 ἰᾶσθαι
1010 4006 1082 4057 θέλει.

295 4083 393 4150 Teleph.
410 4084 441 4136 lt.
459 4085 522 4138 724:
615 4086 647 4135 σὺ
666 4085 689 4136 δ’
707 4083 753 4137 elx'
771 4087 869 4153 ἀνάγκῃ
887 4088 928 4138 και)
946 4087 1020 4139 θεοῖσι
1039 4089 1073 4151 μὴ
1091 4088 1187 4153 μάχου.

282 4167 323 4232 ’3)
342 4166 378 4217 cf.
396 4170 518 4233 praeterea
535 4166 586 4217 Alc.
604 4168 666 4228 219,
684 4171 749 4219 Med.
767 4172 819 4221 492
835 4188 870 4236 eq.

293 4252 320 4310 4)
339 4250 413 4300 Herc.
431 4250 478 4299 fur.
497 4250 629 4303 ccc-671
648 4254 672 4300 et
691 4252 725 4302 ul.
744 4253 793 4306 367
811 4269 861 4318 sqq.
881 4257 951 4319 poeta
967 4254 1079 4319 queritur
1095 4255 1159 4320 qnod
1176 4270 1224 4304 nen
1237 4270 1251 4303 e
1265 4254 1324 4304 fecie
1338 4258 1363 4305 et
1380 4258 1456 4321 ligure

260 4330 370 4397 protinus
386 4334 452 4381 certe
469 4330 605 4394 conjecture
622 4333 650 4380 de
667 4333 792 4383 hominnm
808 4335 888 4384 animo
905 4335 958 4401 cepi
973 4336 1055 4401 possit.

294 4415 320 4473 Β)
337 4413 455 4479 Telephus
470 4394 596 4463 manifesto
610 4413 640 4463 ob
660 4416 821 4466 oeconomiam
835 4421 929 4466 mutum
942 4417 971 4467 ab
985 4418 1146 4483 Aristophane
1159 4419 1245 4469 irrisus
1257 4424 1304 4479 est3
1321 4419 1383 4469 nihil
1391 4420 1455 4469 enim

259 4494 332 4561 impie
351 4496 441 4545 dictum
458 4510 487 4543 ex
503 4510 532 4543 ec
551 4495 648 4545 rettulit
664 4496 793 4561 impiorum
810 4497 957 4562 objurgator.
