3250 5217
788 414 808 477 3

197 614 274 657 aevo
309 596 540 677 comparanda,
577 597 615 658 de
650 594 804 678 scriptore
839 617 912 660 cum
949 596 1117 662 immodice
1153 599 1282 663 laudato
1322 603 1390 663 tum

196 698 305 782 inique
340 698 518 782 vituperato
554 700 670 764 rectius
701 705 733 764 ct
763 700 895 786 aequius
929 723 1025 785 quam
1062 702 1142 767 aliae
1167 703 1286 768 multae
1303 704 1392 789 judi-

198 826 268 869 care
288 826 379 889 posse
402 806 537 885 videtur,
561 807 679 891 quippe
703 829 797 892 quem
821 808 918 891 longe
942 807 1053 872 melius
1078 808 1251 893 intelligat.

190 984 192 989 ¹
243 911 337 975 Hane
369 933 444 976 vero
474 910 714 997 inquisitionem
745 914 801 997 qui
830 914 1016 998 aggreditur
1038 914 1072 977 in
1098 918 1236 998 quantas
1258 916 1395 980 incurrit

197 1016 417 1082 difficultates!
451 1018 497 1082 Dc
528 1022 640 1108 poetae
670 1019 736 1083 vita
766 1041 847 1102 quae
871 1020 1042 1083 traduntur
1065 1021 1249 1085 testimonia
1272 1022 1393 1086 tenuis-

197 1123 278 1187 sima
308 1145 324 1186 c
354 1123 491 1188 turbidis
522 1127 675 1189 emanant
704 1125 865 1208 fontibus,
898 1126 1054 1190 irrisionis
1086 1148 1208 1191 veneno
1234 1149 1299 1192 non
1323 1150 1394 1193 raro

197 1228 339 1313 pollutis.
364 1228 465 1294 Raras
488 1229 559 1295 illas
579 1232 723 1315 guttulas
746 1253 865 1317 purga,
889 1235 921 1297 et
942 1232 994 1296 vix
1014 1232 1187 1317 quidquam
1209 1234 1395 1318 plerumque
1459 1249 1461 1253 ‘

196 1336 316 1398 restare
328 1334 448 1399 videbis
460 1339 546 1419 quod
558 1358 699 1401 servasse
710 1338 753 1401 sit
764 1358 877 1421 operae
889 1338 1037 1422 pretium.
1051 1338 1139 1422 Ager
1148 1340 1286 1403 arandus
1294 1340 1394 1423 igitur

197 1440 315 1505 tinibus
348 1441 451 1524 operis
481 1443 598 1526 poetici
628 1442 693 1507 fere
725 1443 981 1528 circumscriptus
1013 1448 1070 1510 est.
1105 1443 1149 1507 ldt
1180 1445 1241 1509 hoc
1268 1466 1394 1530 quoque

197 1568 346 1611 maneum
379 1550 412 1611 et
429 1552 591 1613 'truncum
616 1549 654 1611 ad
678 1570 737 1613 nos
761 1550 917 1633 pervenit.
942 1548 1142 1633 Quamquam
1167 1551 1264 1634 duplo
1287 1552 1395 1635 plures

195 1653 357 1737 Euripidis
400 1654 526 1717 fabulae
571 1658 707 1719 aetatem
744 1654 890 1719 tulerunt
924 1679 1019 1740 quam
1055 1658 1112 1719 aut
1145 1655 1311 1739 Sophoclis
1336 1662 1393 1721 aut

196 1760 364 1845 Aeschyli,
400 1765 509 1826 tamen
533 1761 611 1825 haec
636 1766 841 1827 monumenta
865 1762 1010 1826 omnium
1034 1762 1101 1825 eius
1124 1783 1255 1846 operum
1280 1767 1395 1847 quarta

197 1871 324 1931 tantum
361 1870 439 1932 suut
472 1889 563 1951 pars;
599 1890 637 1931 ex
673 1871 849 1933 ceterorum
886 1868 1065 1952 naufragio,
1090 1890 1171 1952 quae
1197 1869 1394 1934 saeculorum

197 1996 291 2039 cursu
314 1974 494 2058 perierunt,
519 1972 700 2058 fragmenta
725 1977 850 2038 servata
873 1978 964 2058 sunt,
990 1996 1088 2058 quae,
1115 1974 1393 2038 avulsaasuisse-

197 2079 291 2145 dibus
315 2084 400 2144 recte
423 2084 457 2143 ct
478 2079 606 2163 penitus
630 2079 809 2163 intelligere
834 2102 926 2163 saepe
949 2079 1171 2143 difficillimum
1196 2084 1253 2144 est.

244 2184 305 2263 Sed
325 2187 420 2250 etiam
441 2186 475 2249 in
498 2186 669 2269 tragoediis
688 2186 824 2269 integris
836 2186 1056 2250 examinandis
1076 2186 1213 2250 maxima
1225 2187 1395 2269 prudentia

197 2314 277 2378 opus
301 2294 357 2357 est.
383 2290 487 2367 Quum
513 2292 597 2356 enim
620 2284 716 2376 poeta
740 2292 899 2375 trag'cus,
924 2291 1048 2356 etiamsi
1071 2292 1215 2376 proprias
1238 2292 1299 2356 sibi
1322 2314 1393 2356 sen-

196 2398 314 2462 tentias
349 2418 526 2482 proponere
561 2398 656 2474 velit,
693 2420 869 2481 numquam
906 2419 963 2462 suo
999 2397 1129 2462 nomine
1160 2398 1310 2481 loquatur
1340 2400 1394 2463 sed

197 2525 321 2588 semper
355 2503 436 2567 alius
469 2524 622 2586 personae
655 2504 832 2567 ministerio
857 2506 976 2580 utatur,
1001 2524 1118 2587 magna
1142 2503 1324 2567 adhibenda
1347 2507 1396 2568 est

194 2609 301 2674 ‘cautio
321 2612 358 2674 ut
370 2609 403 2672 in
416 2609 575 2673 variarum
587 2630 794 2694 personarum
807 2610 1004 2674 orationibus
1015 2610 1115 2694 ipsius
1127 2617 1239 2693 poetae
1251 2613 1390 2674 mentem

133 2774 134 2777 ,
196 2719 228 2779 et
248 2715 389 2779 animum
414 2715 696 2799 deprehendamus.
730 2716 800 2780 Hac
822 2715 858 2778 in
878 2737 911 2778 re
923 2719 1137 2799 peecaverunt
1149 2715 1277 2799 plurimi
1289 2716 1390 2799 scrip·
1453 2783 1455 2788 ,

192 2824 294 2898 tores,
319 2821 444 2905 antiqui
467 2821 654 2904 praesertim
679 2822 732 2884 sed
756 2826 789 2884 ct
808 2822 1014 2898 recentiores,
1030 2825 1082 2885 τοῦ
1095 2823 1282 2896 βουλομένου
1295 2822 1393 2886 verba
1451 2894 1455 2900 .

191 2927 282 3009 quasi
306 2949 322 2990 e
347 2932 459 3010 poetae
487 2926 647 2991 sententia
671 2925 756 2990 dicta
780 2926 981 3010 accipientes.

239 3031 366 3115 Reliqui
400 3034 506 3096 autem
541 3032 710 3115 scriptores
745 3054 939 3116 quamquam
970 3033 1005 3095 iu
1039 3034 1175 3097 exordiis
1200 3032 1305 3098 solent
1328 3037 1392 3098 tes·

194 3138 257 3201 tari
291 3160 323 3201 sc
357 3138 477 3222 optimc
509 3136 684 3222 periculum
716 3139 930 3222 perspexisse,
962 3139 1110 3202 dubitare
1139 3142 1246 3203 tamen
1274 3139 1394 3223 possis,

195 3267 273 3308 num
313 3244 345 3307 id
388 3244 472 3308 inter
514 3244 719 3308 scribendum
758 3266 882 3328 semper
917 3245 956 3308 iis
991 3248 1066 3308 ante
1102 3245 1211 3310 oculos
1245 3244 1351 3312 fuerit.
1368 3242 1393 3330 ¹)

194 3348 263 3414 Nec
295 3350 420 3415 mirum.
454 3349 516 3413 Vix
549 3350 632 3414 enim
665 3350 730 3414 ulla
760 3350 842 3414 ratic
868 3354 954 3414 certa
977 3354 1009 3414 et
1032 3350 1156 3415 stabilis
1180 3352 1305 3416 videtur
1333 3353 1392 3415 ad-

194 3456 297 3520 hiberi
327 3478 419 3540 posse
449 3456 489 3520 ad
518 3455 780 3540 distinguendum
810 3456 887 3541 quid
907 3477 1114 3540 personarum
1136 3458 1275 3521 moribus
1299 3462 1393 3541 poeta

196 3563 500 3639 accommodaverit,
533 3563 609 3647 quid
633 3564 671 3626 de
695 3584 752 3626 suo
776 3563 893 3627 dixerit
917 3563 1033 3627 animo.
1063 3561 1252 3648 Quicunque
1275 3564 1309 3627 in
1334 3563 1393 3647 hae

196 3668 330 3732 materia
366 3671 524 3745 versatur,
558 3673 683 3752 praeter
715 3669 932 3732 conditionem
965 3689 1129 3753 moresque
1160 3689 1313 3753 personae
1343 3668 1391 3733 lo-

196 3774 325 3859 quentis
346 3774 470 3838 nullum
490 3775 556 3839 fere
576 3774 673 3839 habet
693 3796 787 3858 quem
808 3776 960 3859 sequatur
981 3776 1092 3838 ducem
1113 3774 1174 3838 nisi
1191 3796 1266 3838 suae
1279 3774 1393 3838 mentis

196 3901 340 3957 acumen,
365 3882 398 3943 et
421 3901 521 3963 paene
545 3879 678 3943 dixerim
704 3880 931 3944 divinationem
947 3878 984 3964 ⁸).
1011 3879 1159 3945 Fortasse
1181 3880 1242 3945 hoc
1265 3883 1393 3944 tantum

231 4055 258 4117 l)
276 4053 379 4101 Fallitur
404 4068 442 4101 me
456 4052 537 4115 judice
555 4053 715 4115 thclsbach,
734 4055 952 4105 Nachhomarische
968 4055 1096 4120 'theologia
1114 4072 1151 4120 pg.
1170 4058 1219 4104 438
1236 4072 1294 4121 sqq,
1313 4057 1392 4105 omnia

196 4150 255 4199 quac
280 4151 295 4183 a
319 4134 426 4199 personis
451 4135 549 4183 scenicis
573 4136 684 4185 dicantur
708 4136 819 4201 hluripidi
845 4136 998 4186 attribuenda
1015 4154 1111 4187 censens
1127 4139 1190 4202 quod
1208 4137 1237 4187 ab
1255 4139 1392 4203 aequalibus

195 4232 293 4282 prorsus
316 4216 423 4280 neglecta
445 4217 597 4266 distinctione
620 4218 649 4267 ob
674 4235 702 4268 ea
724 4215 834 4269 laudatus
856 4224 880 4269 et
898 4220 1054 4285 reprehensus
1071 4220 1116 4279 sit3
1134 4220 1178 4269 hos
1195 4220 1259 4269 euim
1275 4236 1315 4278 os,
1333 4236 1393 4285 quae

195 4298 370 4365 improbarent,
396 4299 541 4348 neamalis
559 4300 654 4364 quidem
671 4301 806 4350 hominibus
821 4302 925 4367 proferri
943 4302 1032 4351 sivisse.
1051 4303 1084 4351 At
1102 4302 1146 4350 boc
1162 4302 1240 4367 ipsum
1258 4302 1392 4365 aequalium

193 4380 310 4444 judicium
336 4380 449 4429 vitiosum
475 4384 540 4439 erat,
564 4383 605 4446 qui
630 4383 750 4447 Euripidis
774 4388 850 4432 erlem
877 4399 976 4442 novam,
1003 4387 1030 4432 ut
1047 4388 1128 4448 postea
1143 4384 1232 4448 possim
1248 4382 1391 4441 videbimus,

195 4462 284 4526 injuria
300 4462 384 4511 iisdem
402 4462 492 4526 legibus
509 4462 594 4527 quibus
611 4467 746 4513 ceterorum
763 4466 909 4529 tragicorum
927 4481 999 4529 opera
1016 4464 1184 4528 judicaverint.

230 4545 258 4609 2)
275 4544 304 4594 cf.
323 4545 482 4595 Bcutcrwekz
498 4546 526 4593 de
545 4544 695 4609 philosophia
714 4547 769 4595 llur.
788 4550 827 4611 'pg.
847 4548 869 4594 6.
889 4547 980 4595 comm.
999 4563 1046 4596 soc.
1064 4562 1112 4608 reg.
1131 4546 1199 4598 Gdtt.
1218 4557 1275 4596 tom.
1297 4548 1345 4596 lv.
