3250 5217
802 422 866 491 leo

236 609 388 676 laminam
419 610 554 687 malam,
586 610 704 695 quippe
735 631 817 694 quae
848 609 892 673 sit
922 609 1040 693 viperis
1072 611 1105 673 et
1134 610 1211 694 igne
1235 610 1430 675 terrrhilins:

217 716 398 783 ’ντνσοῡτδν
430 718 522 791 ἐσμεν
548 717 708 791 ἀνθρώποις
733 716 863 780 senar&
886 714 1007 780 Eodem
1031 715 1097 779 iere
1121 716 1214 781 modo
1237 715 1430 796 Hermione,

235 826 404 908 postquam
423 822 620 888 crudelitatis
640 844 715 887 snae
733 822 909 907 poenituit,
931 822 970 887 de
989 822 1028 886 iis
1051 822 1194 906 loquitur
1213 824 1429 909 (ala-953).

235 928 342 993 Etiam
362 928 490 1007 Medea,
510 932 679 1013 postquam
704 929 837 993 alteram
858 927 981 992 Iasonis
1004 947 1135 992 uxorem
1154 928 1332 994 interficere
1350 950 1429 995 con·

236 1036 361 1114 stituit,
380 1036 466 1121 quod
487 1056 606 1100 senon
626 1036 735 1100 deceat
751 1034 890 1099 inimicis
910 1034 1029 1098 derisui
1050 1056 1134 1112 esse,
1147 1035 1425 1122 exclamat(406):

755 1142 827 1222 πρὸς
852 1141 883 1206 δὲ
905 1141 958 1205 sal
979 1143 1168 1221 πεφύκαμεν

463 1256 626 1328 γυναῖκες,
652 1248 681 1319 ἐς
706 1251 762 1325 μὲν
787 1246 1168 1333 ἔσθλ’·ἆμκχκνῶτκτκν,

463 1362 563 1421 κακῶν
587 1354 617 1419 δὲ
641 1356 766 1420 πάντων
788 1354 927 1425 τέκτονες
952 1354 1135 1433 comitarer
1151 1354 1187 1440 ¹).

281 1462 354 1530 Jam
385 1483 460 1528 vero
491 1462 652 1527 videamus
682 1462 760 1547 quid
791 1463 831 1525 de
859 1460 925 1525 illis
955 1459 990 1525 in
1013 1460 1131 1526 bonam
1155 1464 1279 1546 partem
1303 1460 1431 1529 dixerit.

236 1571 378 1636 Primum
399 1568 516 1633 multas
534 1568 569 1632 in
590 1567 751 1653 pulpitum
769 1567 899 1632 induxit
918 1566 1050 1630 summis
1070 1567 1242 1632 virtutibus
1253 1567 1429 1633 instructas

232 1672 268 1741 'et
299 1680 437 1740 ornatas.
471 1674 683 1751 Alcestidem‚
714 1679 751 1739 ut
782 1672 933 1737 maritum
967 1676 1091 1753 servet,
1119 1674 1301 1739 voluntaria
1326 1678 1429 1739 morte

233 1782 493 1859 occumbentem
520 1780 769 1846 Andromachen·
791 1802 916 1845 summa
937 1780 1057 1863 pietate
1079 1780 1230 1845 maritum
1254 1780 1430 1857 colentem3

237 1888 409 1954 Macariam
433 1885 699 1972 Iphigeniamque
722 1886 806 1950 ultro
830 1907 889 1970 pro
915 1886 1021 1970 patria
1044 1888 1202 1972 mortuas3
1223 1886 1380 1951 Euadnen
1396 1892 1430 1952 et

236 1994 441 2060 Laodamiam
474 1994 521 2079 (in
546 1992 736 2077 Protesilao)
760 1995 895 2056 mortem
919 1994 1065 2076 petentes
1088 2014 1128 2057 ne
1152 1992 1274 2065 maritis
1297 1992 1428 2057 amatis·

236 2101 324 2166 simis
347 2100 413 2164 sint
435 2098 634 2185 superstitem
662 2097 878 2182 Polyxenam,
899 2097 1055 2182 virginem
1077 2118 1281 2183 generosam,
1303 2097 1429 2163 fortiter

236 2207 343 2273 evita
375 2206 606 2281 discedentem
636 2204 713 2289 quin
749 2203 845 2268 etiam
875 2202 1051 2280 Helenam,
1078 2202 1231 2268 feminam
1254 2206 1427 2269 secundum

236 2336 354 2379 novum
386 2312 530 2397 mythum
554 2310 780 2388 castissimam,
803 2312 910 2394 spreto
934 2308 1163 2394 Theoclymeni
1186 2310 1335 2396 conjugio
1359 2331 1426 2375 non

237 2407 305 2484 sine
336 2418 446 2483 mortis
477 2416 617 2502 periculo
640 2416 729 2480 velut
751 2416 884 2481 alteram
908 2415 1091 2501 Penelopen
1115 2419 1297 2481 manentem
1322 2404 1430 2481 mariti

238 2525 395 2591 reditum!

282 2632 464 2698 Sententiae
484 2631 650 2717 colligenti
669 2629 807 2695 occurrit
827 2631 991 2696 universas
1010 2630 1157 2696 mulieres
1177 2654 1271 2718 saepe
1285 2632 1429 2700 infelices

237 2740 345 2804 vocari
364 2738 448 2824 quod
468 2738 626 2823 plerisque
644 2738 717 2802 odio
738 2738 805 2803 sint
823 2740 856 2801 et
875 2738 1054 2825 promiscue
1076 2760 1186 2804 omnes
1206 2738 1429 2825 vituperentur

239 2846 371 2932 (Melan.
391 2845 429 2925 fr,
453 2847 551 2932 496),
572 2848 641 2911 tum
660 2844 746 2930 quod
764 2844 803 2909 iis
824 2844 1026 2929 accipiendus
1045 2845 1281 2931 sitquicunque
1293 2847 1427 2913 maritus

237 2957 329 3019 detor
363 2953 417 3038 (cf.
441 2952 537 3037 Soph.
564 2952 656 3017 Terei
679 2951 718 3015 fr.
744 2951 841 3036 517),
866 2973 970 3035 neque
992 2950 1094 3015 ullum
1116 2953 1308 3018 domesticae
1332 2954 1425 3019 mise·

235 3060 301 3141 riae
332 3060 375 3125 sit
403 3060 617 3124 levamentum
640 3060 675 3123 in
699 3058 834 3144 publicis
857 3057 1159 3141 consuetudinibus,
1183 3060 1267 3144 quod
1292 3060 1427 3145 denique

236 3160 360 3232 summo
392 3167 500 3230 dolore
530 3163 647 3230 liberos
670 3167 839 3250 procreent
860 3164 958 3250 (Med.
986 3163 1189 3250 230-251).
1225 3165 1426 3231 'Pometiam

237 3272 400 3337 mulierem
420 3294 492 3335 cum
512 3273 626 3355 perdat
643 3271 793 3335 maritum
813 3270 922 3352 omnia
941 3271 1071 3355 perdere
1092 3270 1323 3357 (Andromach.
1337 3273 1427 3359 373).

282 3378 356 3444 Non
377 3399 487 3443 omnes
508 3399 573 3442 esse
591 3377 752 3462 improbas
770 3377 953 3461 frequenter
972 3376 1135 3442 indicavit.
1154 3376 1310 3443 Stobaeus
1322 3379 1427 3465 (east)

236 3507 276 3552 ex
307 3486 479 3552 Alcmeone
511 3483 563 3569 (ir.
594 3484 649 3568 79)
674 3483 770 3548 citat:
794 3503 925 3547 uxorem
954 3505 1109 3547 summam
1133 3482 1316 3549 felicitatem
1339 3506 1426 3550 sum·

236 3615 383 3678 mamque
413 3589 571 3657 miseriam
602 3588 670 3653 viro
702 3588 814 3653 afferre
840 3610 949 3675 posse,
974 3593 1007 3654 et
1031 3589 1100 3676 (11)
1125 3613 1142 3655 e
1166 3589 1350 3677 Melanippe
1375 3591 1427 3679 (fr.

271 3838 299 3902 1)
316 3838 359 3886 Dr.
377 3839 406 3885 Δ.
426 3838 453 3887 Δ.
469 3836 560 3891 Brant,
574 3832 701 3901 Euripides
716 3833 847 3884 mulierum
860 3849 915 3883 osor
928 3849 986 3884 num
1001 3837 1065 3884 recta
1079 3834 1173 3885 dicatur
1187 3834 1262 3898 (Diae
1278 3835 1337 3903 phil.
1346 3837 1428 3886 Berol.

238 3919 327 3979 1859),
345 3935 384 3986 pg.
403 3919 435 3968 13
452 3932 502 3983 sqq.
519 3916 641 3967 contendit
659 3917 770 3966 Medeam
787 3915 913 3974 εἰρωνικῶς
929 3916 1008 3982 loqui,
1026 3916 1201 3983 improbantem
1218 3919 1309 3968 scilicet
1321 3920 1427 3969 convicia

236 4016 296 4068 qnae
310 4002 336 4051 in
349 4000 449 4051 feminas
462 3999 548 4063 conjici
561 3998 659 4049 soleant.
675 3999 729 4048 Fac'
738 3998 850 4047 Medeam
864 3999 893 4047 ad
907 4014 934 4047 aa
948 3998 1079 4064 respicere,
1091 4002 1227 4049 tamennon
1237 4000 1325 4064 injusta
1334 4016 1428 4051 censere

235 4085 342 4144 videtum
359 4086 439 4149 itaque
456 4098 499 4147 ego
516 4081 587 4132 verba
603 4081 646 4131 illa
662 4082 707 4130 hoc
723 4081 793 4129 modo
810 4080 971 4145 interpretata
988 4081 1074 4131 velim:
1091 4098 1185 4132 ‚nonne
1199 4083 1280 4133 dicitis
1293 4099 1336 4133 nos
1349 4083 1427 4134 solnm

236 4168 267 4216 ad
288 4166 393 4215 facinora
414 4164 534 4215 molienda
551 4179 643 4228 sagaces
660 4166 726 4213 ease?
744 4162 855 4228 Optimel
879 4163 929 4226 Ego
946 4179 983 4212 me
1000 4164 1130 4229 perfectam
1147 4165 1261 4215 feminam
1278 4164 1426 4232 praestabo”.

237 4249 320 4299 Ironia
336 4250 416 4298 autem
431 4247 497 4297 nulla
511 4247 594 4297 vocula
607 4239 733 4296 indicatur.
753 4246 866 4310 Reliquae
880 4262 973 4311 qnoque
987 4262 1056 4295 sexus
1064 4246 1188 4296 muliebria
1196 4249 1390 4313 reprehensiones
1399 4246 1428 4297 ab

237 4332 295 4399 ipsis
311 4331 406 4381 feminis
419 4330 554 4381 enuntiatas
567 4346 589 4379 v.
605 4330 627 4378 d.
643 4330 721 4378 Braut
734 4328 825 4378 frustra
839 4345 925 4393 negare
940 4332 1037 4379 meatus
1051 4334 1099 4390 est3
1116 4331 1170 4396 Iph.
1186 4331 1241 4379 Aul.
1257 4348 1278 4379 v.
1295 4334 1372 4381 1394:
1392 4325 1427 4388 εἷς

237 4414 265 4479 γ’
283 4412 341 4475 ἀνὴρ
358 4412 476 4476 κρείσσων
493 4415 615 4475 γυναικῶν
632 4412 722 4474 μυρίων
740 4410 796 4472 δρᾶν
814 4409 879 4474 φάος
895 4427 954 4462 num
971 4416 1035 4461 recte
1051 4414 1081 4462 ad
1097 4413 1174 4462 solnm
1192 4413 1309 4462 Achillem
1327 4414 1426 4471 referat,

240 4498 346 4548 incertus
366 4496 459 4547 haereo.
484 4494 604 4545 Nonnulli
624 4497 789 4559 expunxerunt
796 4516 802 4552 ;
827 4493 854 4542 in
875 4497 957 4543 nostra
977 4494 1114 4559 quaestione
1130 4496 1213 4559 ntique
1229 4495 1297 4560 parvi
1314 4494 1429 4544 momenti

239 4584 289 4643 et,
306 4581 363 4647 qnia
381 4578 507 4647 Iphigenia
522 4578 607 4627 ardore
626 4576 725 4642 abrepta
740 4590 826 4640 magna
842 4591 897 4625 enm
914 4577 1001 4626 mentis
1017 4577 1175 4627 concitatione
1190 4578 1304 4643 loquitur.
