3250 5217
764 393 829 463 119

564 635 582 709 ἓ
606 629 636 695 7.
668 628 867 707 Phocaeam,
892 626 1039 715 Mystico.

199 856 203 861 .
241 799 365 864 Verum
385 819 452 862 non
464 797 567 861 solum
579 796 613 860 in
626 796 893 881 interpretatione
907 800 1039 861 naturae
1051 797 1180 863 divinae
1193 798 1334 864 incertus
1344 803 1393 865 eet

201 914 231 971 et
258 926 376 990 vagus,
407 904 581 990 sedetiam
605 904 744 987 deipsis
768 903 828 967 diis
851 903 1063 987 heroibusque
1088 905 1312 989 mythologicis
1336 928 1392 970 ra-

200 1012 262 1076 rias
289 1033 381 1095 saepe
405 1010 547 1094 sequitur
570 1008 713 1083 fabulas,
736 1010 837 1093 iisque
862 1009 1022 1074 liberrime
1044 1011 1156 1075 utitur.
1181 1010 1284 1086 Quare
1308 1011 1393 1095 apud

201 1140 271 1182 eum
289 1120 415 1201 praeter
435 1116 562 1199 mythos
586 1119 723 1179 mutatos
743 1114 896 1198 (velutin
910 1114 1053 1200 Heleno)
1072 1115 1251 1200 frequentia
1267 1138 1393 1201 quoque

199 1222 463 1308 deprehendimus
493 1222 687 1286 theocrasiee
717 1222 872 1305 exemplo.
897 1220 1052 1305 Pleraque
1075 1222 1215 1306 dispersa
1238 1227 1314 1287 sunt
1336 1244 1393 1307 per

197 1330 327 1395 ultimae
347 1329 461 1394 aetatis
480 1329 605 1393 fabulas
624 1329 674 1394 rel
694 1328 879 1411 fragmenta
894 1329 1106 1412 perditarum,
1120 1350 1254 1412 quarum
1268 1332 1393 1413 tempus

196 1438 379 1521 ignoratum
405 1438 460 1499 sed
484 1435 636 1519 quoniam
661 1434 695 1499 in
720 1434 814 1499 huius
838 1456 965 1519 quoque
986 1434 1099 1499 aetatis
1119 1436 1274 1501 dramatis
1292 1459 1394 1521 pauca

197 1543 348 1627 leguntur
378 1563 482 1626 neque
513 1542 572 1605 hac
596 1542 631 1604 in
655 1563 690 1605 re
713 1543 892 1625 temporum
917 1541 1081 1605 distinctio
1104 1542 1216 1626 magni
1240 1544 1394 1608 momenti

197 1654 261 1725 est,
293 1648 355 1711 hoc
385 1647 456 1711 loco
484 1647 593 1711 omnia
616 1647 725 1731 paucis
749 1646 922 1711 absolvam.
953 1646 1144 1730 Proserpina
1167 1649 1202 1711 in
1226 1648 1304 1714 Ione
1327 1649 1392 1715 fere

198 1755 285 1840 quasi
320 1754 442 1819 Selene.
464 1754 643 1819 celebratur
657 1757 698 1838 ¹),
722 1754 756 1817 in
781 1752 982 1817 Phaethonte
1005 1773 1079 1818 vero
1103 1776 1123 1817 a
1145 1754 1245 1818 Vesta
1267 1756 1320 1820 rix
1343 1756 1393 1820 di·

196 1884 286 1927 versa
310 1862 435 1926 ridetur
447 1860 485 1946 ⁹).
511 1860 627 1925 Vestae
647 1881 763 1946 nomen
785 1864 890 1923 autern
905 1859 1041 1924 vidimus
1053 1882 1072 1923 a
1086 1864 1196 1925 nostro
1207 1847 1393 1927 auctoribus

198 1968 438 2053 ›sapientibus”
462 1967 569 2031 telluri
592 1968 703 2029 datum
729 1988 795 2031 esse
816 1965 869 2051 (fr.
890 1967 955 2031 938
976 1966 1040 2032 vid.
1061 1987 1115 2051 pg.
1137 1967 1180 2032 56
1194 1969 1393 2053 sqq.)‚qua'e

196 2077 265 2160 ipsa
300 2074 416 2139 Bacch.
449 2075 513 2139 275
546 2072 640 2138 Ceres
671 2076 804 2137 vocatur
818 2070 853 2157 3).
889 2070 983 2137 Ceres
1014 2094 1124 2138 rursus
1154 2074 1244 2157 quasi
1274 2093 1394 2158 magna

195 2182 324 2245 deorum
345 2184 446 2244 mater
465 2180 643 2244 celebratur
662 2178 804 2243 Helenae
824 2178 951 2243 chorico
972 2178 1112 2242 carmine
1123 2179 1159 2264 ⁴).
1181 2178 1390 2245 Lunaautem

194 2309 263 2351 cum
296 2286 488 2370 Proserpina
519 2284 728 2351 confunditur
751 2289 783 2347 et
807 2287 962 2369 utsupra
985 2283 1124 2350 vidimus
1151 2286 1217 2369 (pg.
1243 2287 1286 2349 66
1307 2288 1390 2371 sqq.)

194 2526 264 2590 vulgo
287 2527 437 2585 colerentur,
459 2528 610 2590 contempt-or
632 2524 757 2589 Euripides
780 2525 879 2574 unicum
900 2524 1025 2589 agnoviase
1051 2525 1123 2573 deunr
1145 2524 1241 2574 ridetur
1262 2520 1392 2586 αιἰτοφνῆ·

195 2611 298 2657 mentera
315 2623 412 2672 puram,
429 2610 562 2665 aeternam,
578 2610 649 2671 atqua
663 2608 721 2655 adeo
735 2607 870 2663 infinitam.
886 2607 1024 2673 nulliusque
1039 2606 1075 2655 rei
1089 2606 1212 2671 indigem.
1223 2644 1229 2656 .
1240 2644 1263 2656 ..
1278 2606 1394 2655 materiae

195 2706 235 2739 sna
256 2694 343 2739 natura
364 2690 494 2755 quiescenti
516 2698 539 2738 et
556 2690 667 2739 confusae
684 2706 751 2738 inens
767 2690 814 2738 ieta
832 2690 940 2739 divinum
958 2695 1052 2739 motum
1069 2690 1157 2738 indidit
1175 2694 1247 2755 etque
1265 2692 1392 2749 ornatum,

194 2774 296 2824 creatrix
319 2774 380 2823 coeli
402 2777 427 2823 et
449 2770 551 2832 terrae'',
576 2776 601 2823 et
627 2772 724 2837 posthac
747 2774 850 2837 pg145:
871 2772 958 2822 retiam
975 2773 1105 2821 secundum
1122 2772 1276 2837 Euripidem,
1294 2775 1389 2837 praeter

195 2858 320 2922 Opificem,
345 2858 388 2905 τὸν
405 2854 532 2920 αὐτοφυῆ,
548 2856 612 2905 nihil
628 2859 682 2904 ante
699 2855 822 2904 conditum
841 2855 885 2903 hoc
903 2855 1042 2904 universnm
1061 2856 1123 2913 luit,
1142 2854 1186 2903 nisi
1205 2854 1272 2903 rudis
1287 2853 1392 2918 indiges·

194 2943 268 3005 teque
286 2940 368 2990 moles.
391 2942 484 2989 Sectam
506 2939 641 3003 congeriem
659 2938 684 2988 in
702 2940 749 2987 duo
763 2937 869 2987 membra
888 2940 966 2987 Dens
988 2937 1080 3000 redegit
1102 2936 1312 2995 aedificator,
1336 2947 1389 2985 coe·

195 3022 244 3071 lum
267 3026 291 3072 et
314 3026 418 3081 terrem3
442 3023 500 3072 haec
522 3023 568 3071 duo
589 3022 748 3071 considerauit
770 3021 838 3070 velut
862 3036 964 3087 corpora
986 3020 1114 3084 genitalia,
1143 3020 1192 3068 eive
1209 3035 1292 3070 rarum
1308 3022 1391 3085 postea

195 3108 327 3154 creatarum
341 3105 468 3170 principie,
485 3105 530 3153 hac
543 3104 569 3153 in
583 3120 609 3153 re
624 3120 717 3168 quoque
732 3090 909 3169 praeceptorem
924 3106 1018 3152 secutus
1033 3099 1225 3167 Anaxagoram.”
1249 3103 1327 3151 Nemo
1341 3117 1389 3151 non

194 3187 257 3236 ridet
280 3187 366 3236 Valck.
389 3189 543 3249 Anaxagorae
559 3186 639 3251 potine
655 3202 727 3251 quam
745 3185 873 3251 Euripidae
890 3200 997 3234 narrare.
1019 3186 1102 3250 ,Quae
1120 3184 1169 3233 dixi
1186 3184 1299 3249 pleraque
1317 3183 1388 3232 advo·

194 3268 251 3318 catis
267 3268 403 3333 Euripideis
419 3284 467 3317 non
484 3268 610 3317 difficulter
627 3268 785 3319 demonstrari
802 3266 926 3333 pacunr’.
944 3266 1045 3317 Utinam
1061 3266 1170 3316 fecireeel

232 3350 259 3415 1)
278 3351 305 3399 V.
327 3352 401 3399 1048:
792 3366 794 3372 ’

329 3431 426 3481 Εἰνοδία
442 3430 550 3496 θύγατερ
567 3431 714 3497 Δάματρος,
730 3431 747 3481 a
765 3436 814 3481 τῶν
832 3434 985 3481 νυκτιπόλων
1002 3428 1094 3494 ἐφόδων
1113 3429 1233 3489 ἀνάσσεις

332 3514 373 3563 καὶ
391 3514 554 3578 μεθαμερίων,
572 3512 662 3565 ὅδωσον
681 3512 839 3564 δυσθανάτων

331 3595 453 3659 κρατήρων
471 3594 634 3660 τληρωματ’,
651 3626 685 3634 -

231 3681 258 3743 2)
278 3680 377 3729 Phaeth.
395 3680 426 3730 fr.
445 3680 492 3732 781
512 3697 534 3729 v.
554 3683 598 3730 ὅδε

463 3763 495 3810 τι)
514 3761 537 3810 δ’
555 3758 572 3811 ὦ
590 3763 685 3824 τυρὸς
703 3760 879 3821 δέσποινα,
896 3760 1026 3825 Δήμητρος
1044 3765 1115 3826 κόρη,

460 3842 595 3908 “Horae-‘rr‘
612 3845 638 3892 τ’
657 3840 709 3895 εἴτε
726 3847 869 3906 πρευμενεῖς
886 3840 971 3907 δόμοις
989 3841 1065 3906 ἐμοῖς.

229 3972 256 4036 3)
463 3970 580 4035 Δημήτηρ
598 3971 656 4029 tede,

240 4098 242 4103 ,
462 4056 495 4111 rt
513 4050 535 4102 δ’
553 4050 639 4103 ἐστίν·
655 4052 736 4117 ’ὄνομα
753 4053 776 4104 δ’
793 4053 909 4117 ὃτότερον
927 4054 1013 4117 βούλει
1031 4054 1111 4106 κάλει.

226 4136 472 4202 ωᾙωψ
750 4121 846 4196 ’,

617 4220 683 4281 ὀρεία
701 4220 764 4269 τοτὲ
781 4218 885 4283 δρομάδι
905 4218 977 4283 eriere

614 4300 697 4365 μάτηρ
716 4302 773 4351 θεῶν
792 4298 867 4359 iav‘dn
891 4307 893 4310 ’

614 4466 679 4531 πόθῳ
696 4472 747 4527 τας
763 4465 937 4543 ατοιχομὲνας

614 4546 719 4611 ιἰρρνίτοιι
739 4548 834 4613 κούρας.
