3250 5217
799 408 864 475 186

270 588 406 659 Difficile
424 595 473 657 est
491 594 585 679 plura
602 592 752 680 colligere
770 594 809 659 de
829 592 896 659 eius
916 592 1122 679 opinionibus
1132 594 1173 659 ad
1183 593 1414 680 rempublicam

225 698 479 782 pertinentibns3
509 700 617 786 itaque
648 702 727 767 haec
756 702 929 786 hactenns3
961 705 1136 766 utentem
1163 701 1252 767 brevi
1273 708 1416 786 repetam

225 826 307 889 quae
338 808 376 870 de
406 806 467 873 hac
497 829 531 872 re
561 807 640 872 mihi
671 809 833 893 disputata
857 812 951 884 sunt:
976 807 1123 893 Euripidi
1145 808 1291 893 quamvis
1312 809 1416 873 otium

226 910 288 975 sibi
319 912 450 996 eligenti
479 916 587 981 tamen
619 915 725 998 patria
755 914 937 991 carissima,
961 914 1091 999 eiusque
1113 916 1199 980 salus
1222 934 1417 1001 magnopere

226 1018 314 1082 cordi
336 1020 418 1095 erat;
441 1019 476 1083 in
496 1042 533 1085 ea
551 1023 693 1105 regenda
713 1024 819 1087 antem
841 1021 1068 1087 democratiam
1085 1020 1258 1087 Pericleam
1278 1021 1417 1087 maxime

226 1124 369 1213 omniurn
393 1125 543 1211 probasse
565 1126 700 1193 videtur.

670 1748 859 1837 CAPUT
885 1749 962 1835 IV.

602 1950 669 2032 'nn
694 1983 778 2033 vnn
804 1982 1014 2035 comesuros.

407 2158 426 2232 ἕ
451 2152 481 2215 1.
516 2150 567 2217 De
589 2152 731 2217 muliebri
752 2175 844 2232 reru,
869 2176 992 2231 amore,
1018 2155 1227 2219 matrimonio.

412 2360 442 2401 a.
478 2334 733 2401 Graecorum
763 2336 993 2421 opiniones
1025 2336 1234 2421 vulgares.

273 2519 321 2584 De
355 2518 507 2603 Euripide
541 2518 731 2584 feminarum
768 2542 857 2586 osore
892 2522 1062 2586 decantata
1096 2522 1161 2587 iere
1191 2522 1268 2585 sunt
1297 2520 1416 2584 omnia.

226 2626 310 2691 Nam
333 2626 367 2689 in
390 2629 559 2709 utramque
581 2628 704 2711 parterm
729 2627 865 2692 multum
890 2630 930 2691 de
953 2649 990 2692 ea
1013 2649 1048 2692 re
1070 2628 1266 2711 disputatum
1287 2629 1353 2691 est:
1373 2625 1414 2690 ab

225 2732 366 2815 antiquis
396 2731 424 2795 ei
448 2752 541 2795 sexns
561 2732 725 2799 muliebris
752 2721 860 2798 odiu'm
883 2733 1109 2819 exprobratum
1134 2738 1199 2814 est3
1223 2732 1415 2799 recentiores

224 2838 366 2923 plerique
390 2838 606 2923 argumentati
629 2842 706 2903 sunt
728 2861 800 2905 eum
825 2839 852 2904 si
875 2842 980 2904 totum
1005 2861 1116 2905 sexum
1139 2839 1257 2905 odisset
1277 2860 1344 2904 non
1365 2841 1416 2902 tot

223 2943 358 3009 feminas
382 2964 551 3029 generosas
571 2949 603 3009 et
621 2946 772 3011 amabiles
792 2947 1021 3031 producturum
1043 2946 1149 3012 fuisse.
1169 2945 1291 3009 Tamen
1311 2944 1415 3011 nescio

224 3072 267 3117 an
296 3052 367 3115 tota
393 3072 443 3116 res
475 3052 619 3117 nondum
649 3053 779 3136 penitus
811 3054 976 3138 explorata
1007 3055 1040 3117 ot
1064 3052 1217 3117 exhausta
1242 3052 1294 3116 sit.
1329 3049 1416 3126 Quae

224 3156 304 3227 mihi
323 3157 449 3223 ridetur
470 3162 554 3223 recte
574 3158 742 3243 dijudicari
763 3180 829 3224 non
848 3181 940 3245 posse
959 3160 1021 3224 nisi
1041 3159 1206 3223 universus
1225 3158 1416 3223 feminarum

225 3266 328 3327 status
351 3266 436 3348 apud
460 3260 597 3330 Graecos
621 3264 715 3341 mmnl
739 3268 910 3350 spectetur.

271 3367 394 3434 Notum
417 3372 465 3433 est
487 3368 653 3454 Sophoclis
674 3371 862 3436 dicterium:
887 3370 1070 3456 Euripidem
1093 3371 1128 3435 in
1150 3369 1323 3455 tragoediis
1342 3372 1416 3433 tan·

223 3478 293 3540 tum
323 3474 470 3539 mulieres
501 3475 603 3541 odisse
635 3476 734 3540 »ἀλλ’
758 3478 811 3542 οὐκ
837 3478 867 3541 ἐν
891 3488 929 3558 τῇ
955 3476 1075 3557 κλίνῃ”.
1113 3474 1204 3551 Quod
1228 3496 1288 3559 ego
1311 3475 1417 3560 potius

225 3581 265 3647 ad
286 3583 387 3646 totam
407 3583 534 3665 gentem
556 3580 708 3648 Graecam
729 3583 931 3649 referendum
950 3605 1016 3649 esse
1034 3591 1131 3667 puto,
1152 3604 1265 3667 nempe
1282 3580 1417 3647 Graecos

224 3688 372 3753 mulieres
406 3691 534 3755 tantum
565 3710 687 3755 amasse
718 3692 816 3774 prout
845 3690 1042 3776 voluptatem
1074 3690 1279 3774 praeberent,
1307 3707 1416 3753 verum

224 3796 258 3860 in
283 3793 432 3860 omnibus
454 3794 524 3859 aliis
548 3795 643 3861 rebus
667 3795 739 3859 odio
763 3796 920 3861 habuisse.

270 3900 360 3965 Inter
379 3902 491 3985 gentes
514 3900 797 3985 Indo-Europaeas
820 3924 919 3988 usque
946 3906 986 3967 ad
1009 3902 1094 3967 hanc
1115 3904 1255 3965 nostram
1281 3902 1418 3965 oetatem

224 4007 371 4073 nationes
402 4006 556 4072 Romanis
588 4013 742 4093 cognatae
766 4031 941 4094 numquam
967 4012 1059 4074 tanta
1082 4007 1287 4073 veneratione
1309 4028 1418 4071 sexum

223 4114 394 4180 femineum
419 4103 586 4179 coluerunt
605 4117 728 4200 quanta
748 4113 947 4191 Germanae,
969 4114 1076 4179 nullus
1096 4135 1170 4179 vero
1191 4112 1328 4198 populus
1346 4133 1417 4178 eum

222 4223 391 4306 tantopere
422 4220 616 4305 contempsit
647 4242 683 4286 ac
716 4220 841 4287 Graeci.
872 4220 1074 4286 Videbantur
1105 4220 1144 4285 iis
1175 4218 1322 4283 mulieres
1353 4239 1420 4283 esse

225 4348 326 4413 genus
348 4326 515 4392 hominnm
541 4326 641 4391 multo
660 4326 822 4393 inferioris
843 4330 939 4391 notae
960 4348 1055 4410 qnam
1076 4325 1154 4404 riri,
1174 4328 1339 4407 tamquam
1359 4322 1420 4387 riri

225 4432 398 4519 depravati.
430 4432 551 4498 Tamen
584 4455 656 4498 cum
688 4432 752 4498 illis
784 4433 955 4498 vivendum
987 4436 1074 4508 erat;
1107 4453 1182 4509 nam
1214 4430 1359 4516 Jupiter,
1383 4432 1420 4493 ut

226 4536 358 4607 Hesiodi
381 4537 485 4604 verbis
510 4542 581 4604 utar
604 4539 737 4624 (Theog.
764 4540 829 4604 600
853 4541 956 4627 sqq.),
980 4538 1100 4605 malum
1123 4537 1250 4624 quidem
1271 4558 1324 4601 eas
1344 4534 1419 4600 viris
