3250 5217
813 399 875 463 138

246 580 420 665 excogitari
441 583 549 665 potest
571 579 682 665 religio
706 580 849 645 acerbior
871 583 904 644 et
925 579 1049 644 tristior
1071 599 1167 666 qnam
1191 579 1346 645 Herodoti
1364 580 1435 665 opi·

246 686 359 751 uiones
389 689 429 751 de
456 689 586 751 deorum
610 686 731 751 invidia
754 697 786 751 et
809 686 1015 762 crudelitate,
1039 686 1095 769 qui
1117 686 1270 777 scelerum
1294 708 1314 749 a
1339 686 1438 751 maio-

246 792 334 857 ribus
358 794 598 858 commissorum
622 814 741 878 poenas
765 815 783 856 a
806 792 941 877 posteris
959 797 1101 877 repetere
1119 783 1261 871 soleant,
1281 796 1314 856 et
1330 797 1439 857 tamen

245 899 428 963 universum
459 900 526 963 eius
549 921 630 983 opus
653 900 880 963 documentum
904 920 971 963 esse
994 899 1121 963 videtur
1144 898 1246 963 animi
1267 898 1438 983 simplicis,

210 1017 224 1045 ’-
245 1004 381 1089 placidi,
405 1006 566 1084 benevoli,
590 1004 876 1090 laeti.'0pinioncs
898 1005 972 1069 illae
995 1006 1036 1069 ad
1061 1009 1200 1069 mentem
1224 1009 1258 1069 et
1279 1005 1436 1069 rationem

246 1112 349 1195 magis
372 1111 578 1196 pertinebant
600 1134 696 1197 quam
720 1115 761 1176 ad
785 1112 918 1177 animos.

291 1216 399 1281 Etiam
434 1218 571 1303 populus
606 1218 718 1302 procul
749 1219 846 1282 dubio
877 1220 1067 1302 procedente
1097 1223 1241 1302 tempore
1271 1218 1355 1283 mala
1377 1241 1437 1303 pu·

247 1324 347 1417 blica⁸
360 1329 509 1409 expertus
539 1328 573 1388 et
595 1347 614 1388 a
634 1324 735 1409 poetis
763 1325 893 1388 edoctus
923 1323 1081 1389 intellexit
1109 1324 1208 1387 vitam
1229 1346 1295 1389 non
1316 1346 1439 1409 semper

248 1452 314 1496 esse
348 1430 491 1509 felicem,
526 1433 582 1495 sed
616 1432 710 1495 rebus
732 1431 927 1515 quotidianis
951 1436 1124 1515 occupatus
1147 1431 1271 1495 facilius
1295 1430 1436 1496 oblivisci

247 1538 345 1621 solet,
365 1538 411 1601 ita
429 1540 467 1601 ut
483 1536 557 1601 illae
574 1537 721 1603 notiones
733 1538 768 1602 in
778 1538 845 1602 eius
857 1539 964 1601 mento
976 1558 1152 1620 numquam
1163 1537 1284 1602 radices
1295 1541 1437 1622 agerent.

246 1643 405 1708 Existimo
434 1663 510 1726 ergo
542 1652 575 1708 et
605 1644 758 1729 populum
790 1646 824 1708 et
845 1646 976 1728 poetas,
999 1665 1193 1727 quamquam
1217 1644 1251 1707 bi
1275 1665 1340 1709 non
1366 1666 1438 1709 raro

247 1751 332 1815 vitae
359 1750 517 1815 miseriam
540 1750 759 1832 illustrarunt,
784 1751 1019 1815 consentientes
1041 1749 1107 1815 fere
1131 1751 1230 1815 vitam
1252 1752 1433 1816 universam
1517 1801 1521 1808 .

243 1856 508 1942 jucundissimam
532 1857 667 1924 duxisse.

291 1962 352 2029 Sed
384 1964 425 2028 ab
451 1963 501 2028 his
535 1964 695 2029 diversum
730 1964 827 2029 fuisse
860 1968 1006 2029 nostum
1040 1966 1192 2047 vidimus,
1231 1986 1290 2030 nec
1326 1964 1437 2030 dubito

244 2073 383 2135 statuere
413 2092 484 2135 eum
517 2071 618 2155 magis
641 2093 734 2135 suum
757 2072 900 2135 animum
924 2072 1130 2155 expressisse,
1154 2072 1209 2135 nbi
1232 2071 1439 2156 querelando

245 2178 339 2243 rebus
362 2177 510 2247 humanis
529 2178 672 2262 personis
691 2179 825 2243 scenicis
845 2179 1073 2263 suppeditaret.
1094 2178 1175 2242 Erat
1192 2168 1279 2242 enim
1299 2177 1440 2241 moribus

245 2284 392 2349 tristibus
416 2287 449 2347 et
468 2285 619 2361 morosis,
640 2284 829 2369 vivebatque
848 2285 1166 2368 remotusastrepitu
1186 2284 1316 2361 forensi,
1338 2306 1440 2369 neque

246 2392 412 2456 fruebatur
430 2390 612 2455 multifariis
633 2392 861 2476 voluptatibus,
880 2414 960 2475 quas
974 2391 1234 2476 ferebatpublica
1247 2391 1440 2456 Graecorum

247 2498 323 2562 vita.
358 2497 440 2561 Tum
472 2498 539 2562 eius
570 2498 725 2582 scepticae
759 2499 797 2562 de
828 2498 923 2562 rebus
954 2499 1071 2564 divinis
1103 2499 1333 2583 cogitationes,
1358 2521 1441 2584 quae

247 2604 364 2687 partim
384 2603 519 2669 fortasse
539 2605 693 2688 originem
715 2604 1041 2669 duxerantamoroso
1058 2606 1097 2669 de
1112 2606 1175 2669 vita
1184 2605 1315 2689 judicio,
1328 2609 1441 2689 procul

247 2709 343 2775 dubio
373 2711 461 2796 ipsae
492 2714 603 2775 mutuo
635 2710 695 2775 hoc
722 2711 878 2796 judicium
910 2712 1155 2777 confirmabant.
1181 2711 1225 2775 Iis
1248 2712 1303 2795 qui
1327 2712 1366 2775 de
1389 2712 1441 2776 his

246 2816 341 2881 rebus
369 2821 523 2902 perpetuo
555 2817 767 2894 meditantur,
800 2817 862 2882 nisi
893 2821 1011 2882 certam
1044 2817 1244 2901 disciplinam
1268 2817 1329 2881 sibi
1353 2838 1439 2883 asse-

246 2926 404 3008 quantur,
424 2922 491 2987 rita
511 2944 635 3007 semper
655 2922 841 2988 difficillima
860 2923 941 2988 solet
959 2924 1070 2989 videri.
1092 2924 1258 2988 Praeterea
1270 2928 1440 3009 postquam

246 3028 415 3113 Euripides
446 3033 487 3093 ad
518 3030 744 3113 provectiorem
776 3030 866 3093 venit
888 3033 1042 3107 aetatem,
1066 3034 1210 3113 tempora
1232 3050 1342 3094 revera
1365 3050 1440 3115 gra-

246 3137 350 3213 viora,
384 3136 450 3200 vita
481 3136 603 3200 tristior
626 3135 711 3200 lacta
734 3137 820 3212 erat,
844 3157 943 3219 quum
969 3135 1052 3199 bello
1078 3136 1232 3200 diuturno
1257 3136 1440 3201 discordiis-

245 3265 307 3327 que
331 3242 494 3325 civilibus,
518 3246 588 3307 tum
611 3242 812 3306 labefactatis
835 3242 977 3327 antiquis
998 3241 1148 3308 moribus.
1173 3242 1279 3306 Etiam
1293 3242 1454 3332 Socratesv

247 3353 280 3413 et
311 3347 463 3414 Socratici
494 3349 534 3411 ad
556 3348 691 3413 rationis
715 3360 844 3412 normas
866 3352 899 3413 et
922 3348 1008 3432 leges
1031 3348 1141 3413 omnia
1163 3349 1327 3432 exigentes
1350 3371 1440 3414 seve·

245 3455 391 3540 rioraqne
423 3459 552 3520 edentes
583 3460 752 3538 praecepta
782 3454 915 3518 moralia
946 3454 1097 3538 antiquae
1127 3454 1250 3518 levitati
1277 3455 1441 3540 animique

246 3560 474 3646 tranquillitati
497 3560 664 3625 nocebant.
691 3560 839 3624 Exeunte
862 3561 987 3625 saeculo
1007 3561 1123 3646 quinto
1142 3561 1276 3626 omnino
1293 3561 1440 3627 invalue-

245 3669 323 3731 runt
353 3668 520 3751 opiniones
550 3686 651 3730 novae
681 3669 721 3730 de
744 3666 811 3730 vita
835 3666 996 3743 bumana,
1020 3688 1155 3751 quarum
1178 3666 1347 3751 Euripides
1371 3690 1439 3733 non

245 3774 347 3837 solum
371 3774 528 3857 particeps
553 3775 609 3837 sed
632 3777 742 3838 auctor
763 3794 892 3857 quoque
915 3794 952 3837 ac
974 3772 1082 3838 fautor
1105 3771 1202 3836 fuisse
1225 3772 1361 3838 videtur.
