3250 5217
828 442 872 505 92

255 622 356 707 magis
379 624 579 707 percenseat
602 620 780 706 superbiam
803 621 1097 707 arrogantiamque,
1121 620 1275 685 clariusve
1299 620 1439 685 ostendit

254 729 283 793 ei
314 728 510 813 pereundum
543 749 626 806 esse,
655 728 710 812 qui
733 731 863 793 modum
888 730 1020 793 naturae
1042 726 1202 792 humanae
1223 726 1363 818 positum
1388 748 1442 793 ex·

255 835 347 900 cedat
368 832 434 921 (Αἱ.
460 834 524 898 760
548 833 629 920 sq.):

844 937 926 1013 derce
950 940 1101 1022 ἀνθρώπου
1125 940 1219 1022 φύσιν

440 1048 589 1127 βλαστὼν
613 1045 722 1113 ἔπειτα
746 1050 789 1126 μὴ
814 1046 887 1113 κατ’
910 1045 1061 1129 ἄνθρωπον
1083 1054 1195 1128 φρονεῖ.
1315 1030 1319 1036 ’

301 1153 371 1219 Hac
393 1154 539 1238 superbia
561 1154 657 1238 periit
678 1154 762 1220 Aiax
776 1154 819 1241 1)‚
843 1154 947 1221 Creon
969 1156 1123 1239 cognatos
1145 1174 1219 1219 auos
1241 1174 1352 1219 omnes
1370 1175 1444 1238 per-

257 1261 339 1326 didit
356 1260 404 1347 (in
423 1259 618 1346 Antigone),
639 1260 824 1346 Polynieem
844 1266 877 1326 et
895 1260 1056 1326 Eteoclem
1076 1263 1211 1324 mortem
1224 1260 1365 1326 obituros
1377 1281 1445 1325 esse

256 1370 389 1453 apparet
412 1366 456 1453 (in
484 1366 558 1432 Oed.
584 1366 687 1455 Col),
712 1389 777 1433 non
796 1390 926 1453 prorsus
943 1368 1061 1454 injuria
1081 1365 1218 1452 Oedipus
1238 1368 1278 1432 ad
1297 1368 1444 1437 ultimam

256 1473 413 1538 miseriam
437 1473 538 1558 redigi
557 1474 683 1540 videtur
702 1476 873 1560 eademque
891 1476 958 1560 ipse
976 1496 1083 1539 casum
1102 1474 1164 1539 sibi
1181 1474 1374 1541 acerbiorem
1392 1475 1446 1539 in·

256 1578 568 1665 tolerabilioremque'
586 1580 724 1645 reddidit
736 1578 773 1667 ¹).

301 1685 466 1771 Antigone
495 1707 638 1772 quoque,
668 1708 710 1752 ne
738 1687 834 1752 nimis
866 1687 1040 1753 offenderet
1066 1688 1157 1773 virgo
1181 1687 1446 1753 innocentissima

259 1815 315 1858 sua
340 1792 439 1877 ipsius
462 1794 580 1857 virtute
603 1792 773 1872 interiens,
798 1794 963 1878 superbior
986 1793 1112 1878 depicta
1134 1797 1199 1877 est,
1224 1794 1342 1879 quippe
1365 1816 1446 1878 quae

258 1899 366 1964 statim
397 1920 536 1964 sororem
565 1900 711 1965 timidam
743 1901 914 1986 asperrime
944 1901 1107 1986 increpet,
1131 1902 1164 1965 e't
1186 1904 1354 1985 postquam
1376 1900 1445 1985 ipsa

259 2007 352 2090 capta
370 2007 419 2070 cst
437 2005 502 2071 eius
521 2028 660 2072 amorem
682 2028 860 2094 novamque
879 2007 1035 2072 moriendi
1046 2005 1265 2072 fortitudinem
1277 2006 1444 2072 crudeliter

259 2116 459 2197 aspernetur,
483 2112 603 2178 scilicet
625 2114 709 2198 quod
731 2113 850 2179 lactum
873 2114 979 2198 ipsum
1001 2113 1151 2198 perficere
1173 2113 1386 2180 recusavisset.

303 2218 405 2285 Nemo
429 2220 529 2305 igitur
551 2221 592 2285 ab
615 2221 703 2285 omni
726 2223 818 2305 parte
840 2219 1000 2305 perlectus
1023 2219 1074 2286 vel
1096 2219 1193 2284 etiam
1214 2220 1367 2285 innocens
1391 2239 1444 2283 ca·

258 2325 456 2391 lamitatibus
487 2326 640 2393 obruitur.
672 2325 776 2401 Quare
806 2325 952 2391 homines
982 2326 1122 2390 divinam
1141 2325 1301 2411 justitiam
1323 2345 1447 2410 semper

258 2435 439 2516 agnoscunt
469 2435 502 2496 et
531 2432 701 2497 admodum
732 2453 804 2496 raro
835 2433 910 2498 deos
941 2454 1089 2498 accusare
1118 2431 1154 2496 in
1185 2432 1327 2497 animum
1350 2432 1446 2497 indu·

259 2538 395 2624 cunt⁸);
429 2560 532 2623 neque
566 2562 699 2624 usquam
734 2539 875 2624 pravitas
907 2561 1017 2605 eorum
1051 2542 1108 2604 aut
1138 2539 1293 2605 discordia
1323 2538 1358 2603 in
1384 2538 1445 2602 ho·

259 2643 382 2707 minum
416 2647 587 2729 conspectu
617 2645 756 2730 ponitur.
796 2644 968 2731 Sophocles
997 2646 1083 2711 enim
1113 2645 1200 2710 haud
1230 2644 1325 2710 dubie
1356 2644 1444 2709 velut

258 2750 415 2830 Pindarus
445 2751 519 2831 (vid.
551 2773 606 2838 pg.
639 2753 695 2839 87)
727 2753 875 2819 censebat
903 2775 1004 2839 prava
1025 2759 1058 2820 et
1080 2753 1232 2839 ambigua
1253 2752 1289 2816 in
1313 2755 1444 2817 deorum
1536 2741 1543 2755 ⁸

264 2934 459 2945 auu—-n-—n-

458 3000 550 3057 ottae
567 3006 603 3057 ad
621 3004 741 3057 τούτου
758 3010 884 3069 μᾶλλον
900 3002 916 3065 u
933 3002 1058 3068 τοῦμὸν
1075 3007 1207 3054 σκοπῶν.

458 3089 503 3152 δρῶ
519 3090 569 3154 γὰρ
586 3087 653 3151 ἡμᾶς
670 3086 740 3139 sidtu
754 3087 832 3148 ’ὄντας
850 3087 916 3139 dtas
934 3087 999 3155 rats

458 3169 540 3222 εἴδωλ’
557 3170 655 3234 ὅσονπερ
672 3170 756 3237 (durs
772 3169 788 3230 u
804 3169 895 3235 reddas
913 3168 992 3220 σκιάν.

292 3253 319 3319 l)
337 3252 375 3303 Ne
391 3253 470 3305 Aiacis
487 3253 596 3319 superbia
612 3269 640 3303 ex
656 3254 731 3319 ipsius
747 3254 883 3319 tragoediae
899 3254 1041 3318 argumento
1059 3266 1107 3301 non
1124 3250 1182 3301 satis
1196 3254 1322 3317 appareat,
1340 3267 1447 3302 narra-

258 3340 309 3388 tur
322 3335 374 3401 jam
391 3340 460 3387 antea
477 3338 576 3387 deorum
594 3336 709 3387 auxilium
726 3336 752 3386 in
769 3337 867 3403 proeliis
882 3338 1021 3402 aspernatus
1034 3350 1091 3385 essa
1109 3334 1210 3384 Mallem
1222 3334 1281 3383 haec
1294 3335 1444 3399 arrogantiae

258 3418 387 3486 specimina
403 3418 453 3485 ipsa
469 3434 580 3485 pracaena
596 3417 663 3469 uobis
680 3418 799 3469 edidisset.
1450 3429 1452 3432 ·

291 3503 317 3565 2)
335 3503 398 3551 Nam
415 3500 509 3568 culpam
525 3518 592 3551 anum
607 3516 622 3551 a
638 3500 729 3551 Tiresia
744 3501 888 3567 patefactam
903 3501 973 3565 longe
990 3498 1068 3564 rejicit
1085 3498 1210 3566 ipsumque
1225 3502 1305 3551 vatem
1318 3516 1374 3551 oum
1386 3517 1443 3551 con·

259 3584 359 3636 tumetis
376 3584 484 3635 dimittit.
706 3583 712 3593 “

292 3667 319 3731 8)
337 3666 481 3717 Philoctetes
502 3668 644 3717 contendens
668 3683 682 3716 a
704 3665 749 3716 diis
771 3681 865 3731 semper
884 3667 967 3731 turpes
983 3669 1008 3715 et
1022 3664 1144 3731 improbos
1160 3665 1264 3725 serrari,
1282 3665 1369 3731 probos
1386 3681 1443 3718 vero

193 3807 196 3813 .
258 3752 283 3800 et
296 3748 374 3813 justos
390 3751 421 3800 ad
437 3751 528 3801 Orcum
544 3750 624 3808 mitti,
638 3748 735 3813 subjicit
750 3754 793 3811 (vs.
810 3750 884 3810 tm:

523 3834 571 3882 erat
587 3830 637 3895 xpi
655 3832 775 3881 ultratus
794 3833 896 3888 rutra.
916 3832 964 3880 eret
981 3826 1005 3879 δ’
1022 3828 1111 3889 αἰνεῖν,
1128 3828 1189 3880 liras

524 3915 560 3964 rte
577 3914 627 3964 ta?
643 3908 748 3964 iracrttv
764 3913 825 3973 τοὺς
842 3913 914 3972 θεοὺς
932 3910 992 3975 stipo
1011 3910 1116 3972 κακούςς

294 3994 383 4061 Hyllus
399 3996 425 4048 in
440 3998 487 4047 fine
503 3995 685 4048 rl¹rachinlarnm
700 3997 756 4046 daos
773 3996 893 4062 increpat,
910 3994 953 4059 qui
970 3994 1082 4045 Herculis
1094 3995 1210 4045 immanes
1224 3994 1343 4045 cruciatus
1355 3993 1447 4061 placide

259 4079 392 4145 inspectent
407 4082 531 4146 parentem
774 4096 776 4100 ·
1171 4081 1175 4092 '

573 4192 574 4196 =
610 4160 646 4209 cla
662 4157 690 4209 dl
706 4160 746 4209 νῦν
764 4156 859 4210 ἑστῶτ’
875 4157 961 4222 οἰκτρὰ
978 4158 1025 4222 μὲν
1041 4158 1100 4222 ἡμῖν

609 4240 707 4306 αἰσχρὰ
723 4239 746 4291 δ’
764 4238 870 4301 dualitate.
904 4258 935 4293 sc.
955 4242 1007 4294 diis.

294 4324 400 4376 Observa
414 4325 477 4375 hunc
493 4324 564 4376 finem
581 4325 641 4391 (rid.
660 4342 681 4375 ν.
697 4326 812 4376 Laeuuen
827 4340 911 4375 comm.
929 4326 958 4374 da
972 4325 1037 4375 diac.
1053 4325 1127 4390 Soph.
1141 4326 1235 4391 pg.4d)
1248 4328 1372 4389 totumque
1390 4324 1448 4375 Pni-

260 4407 371 4460 loctetem
388 4424 402 4457 a
418 4407 533 4474 Sophocle
551 4407 636 4458 ultima
653 4411 731 4458 aetate
747 4408 889 4475 compositos
907 4423 963 4458 esse.
982 4408 1048 4457 Num
1064 4408 1164 4457 fortasse
1176 4407 1445 4473 hicquoquecrascente

259 4491 381 4558 impietate
398 4490 483 4540 leviter
501 4493 580 4542 tactus
596 4490 661 4541 luit?
678 4491 781 4541 Possunt
797 4491 844 4541 linc
858 4506 952 4556 qnoque
969 4489 1080 4540 revocari
1090 4490 1127 4540 lll.
1143 4491 1191 4541 825
1206 4490 1269 4542 etlr.
1278 4491 1351 4557 (apud
1360 4491 1446 4558 Diod.)

262 4574 318 4635 00⁹1,
336 4573 384 4626 078
402 4589 436 4624 rs.
454 4575 486 4625 14
502 4590 548 4639 aq..
566 4572 656 4655 ”bi‘ffi
672 4574 784 4624 dicuntur
801 4574 879 4623 amori
896 4573 1006 4623 mttere
1024 4588 1072 4624 noa
1087 4566 1162 4640 posse.
