3250 5217
737 406 800 471 127

171 587 350 679 hominibus
370 587 491 671 diisque
507 587 696 655 criminibus
715 588 879 666 obruatur,
899 589 931 652 in
947 590 1079 655 Bacchis
1091 612 1165 655 vero
1177 589 1289 675 Agave
1301 591 1362 656 hoc

172 696 295 758 tanturn
321 699 486 779 queratur:
524 693 701 779 Dionysum
723 696 819 759 nimis
840 718 948 761 severa
966 718 1070 780 poena
1085 696 1221 761 Penthei
1233 696 1362 760 domum

172 802 353 883 mulctasse,
379 806 525 884 oportere
549 802 632 864 enim
658 804 732 865 deos
755 823 822 865 non
847 805 955 865 tentas
978 803 1041 866 iras
1061 823 1204 867 exercere
1225 805 1362 887 quantas

168 905 309 971 homines
325 907 358 991 ¹).

181 1034 182 1037 ¹
210 1012 313 1075 Nemo
347 1034 411 1076 non
443 1017 548 1096 potest
580 1014 614 1077 in
644 1015 739 1078 rebus
771 1015 928 1079 similibus
952 1020 1091 1079 mentem
1115 1020 1271 1079 mutatam
1296 1036 1363 1079 esse

167 1120 347 1183 concedere.
383 1118 444 1182 Sed
470 1141 535 1183 non
560 1120 660 1183 solum
687 1121 722 1183 in
743 1122 843 1185 totius
862 1122 1016 1185 dramatis
1035 1144 1144 1197 cursu,
1168 1123 1203 1184 in
1225 1121 1362 1205 singulis

168 1246 291 1309 quoque
322 1225 491 1289 sententiis
520 1226 586 1289 eius
611 1226 657 1290 rei
691 1227 875 1291 testimonia
898 1227 1062 1294 habemns.
1101 1228 1181 1291 Vide
1212 1250 1243 1294 v.
1279 1227 1360 1291 325:

168 1330 258 1414 »Ego
279 1352 345 1394 non
364 1332 516 1415 pugnabo
537 1353 609 1395 cunr
630 1333 690 1397 diis
712 1336 784 1397 tuae
806 1333 945 1397 orationi
961 1334 1147 1415 obsecutus3
1161 1356 1236 1397 narn
1249 1334 1364 1396 misere

167 1438 275 1508 furis”;
303 1460 333 1501 v.
361 1438 443 1501 199:
468 1436 602 1503 Gadm.
628 1460 709 1523 »ego
734 1440 810 1503 deos
835 1461 901 1504 non
925 1445 1096 1504 contemno
1108 1462 1206 1523 quum
1221 1438 1364 1510 mortalis

170 1543 258 1607 sim’'.
284 1542 369 1608 Τίτε
395 1542 466 1607 »Ne
491 1548 605 1627 argute
627 1546 840 1629 disceptemus
860 1546 899 1609 de
919 1546 994 1618 diis;
1019 1545 1175 1609 maiorum
1196 1544 1363 1629 opiniones

169 1670 245 1732 quas
279 1639 320 1712 ab
354 1648 423 1732 ipso
458 1649 610 1733 temporis
643 1650 738 1713 initio
774 1650 910 1714 traditas
945 1651 1123 1734 accepimus
1152 1651 1243 1714 nulla
1265 1651 1361 1714 ratio·

170 1756 286 1819 cinatio
314 1758 491 1839 pervertet,
522 1778 563 1819 ne
594 1762 672 1819 tunc
703 1757 831 1840 quidem
862 1758 890 1820 si
923 1762 1016 1820 acuta
1047 1758 1209 1821 sententia
1239 1778 1363 1819 summa

170 1860 308 1925 sollertia
325 1861 506 1945 excogitata
526 1862 599 1945 sit’';
621 1885 647 1926 v.
662 1864 745 1927 395:
760 1862 927 1926 »Acumen
939 1863 1019 1925 illud
1034 1884 1098 1925 non
1112 1867 1160 1927 est
1172 1862 1360 1946 prudentia,

171 1988 272 2051 neque
288 1967 500 2051 cogitationes
520 1968 594 2031 illae
613 1968 708 2032 altius
728 1972 908 2051 spectantes
927 1990 1023 2051 quarn
1044 1968 1221 2033 conditioni
1243 1972 1363 2032 morta·

170 2072 245 2135 lium
268 2072 454 2149 conveniat;
477 2074 543 2136 vita
562 2073 682 2149 brevis3
705 2074 732 2137 si
756 2074 850 2158 quis
872 2074 949 2138 hoc
972 2074 1156 2138 consilio
1180 2074 1364 2157 grandia

171 2182 354 2243 sectetur
389 2200 437 2242 ne
470 2180 508 2242 id
540 2180 708 2263 quidem
730 2181 929 2263 impetret
959 2181 1069 2264 quod
1100 2181 1144 2243 in
1167 2181 1364 2263 promptu

172 2285 263 2348 est'’.
288 2283 327 2348 V.
355 2286 439 2350 427:
464 2290 628 2369 »praestat
652 2290 790 2351 mentem
809 2286 967 2369 integram
988 2308 1111 2350 servare
1131 2309 1150 2349 a
1173 2285 1248 2349 viris
1267 2284 1364 2348 nimis

171 2392 383 2476 sapientibus;
420 2394 525 2475 quod
559 2392 711 2476 vulgus
744 2393 924 2476 simplex
954 2395 994 2456 et
1024 2392 1182 2456 humile
1209 2392 1365 2476 probat

171 2502 210 2561 et
240 2498 435 2581 sequitur
458 2499 499 2561 id
523 2498 811 2583 recipiendum
837 2497 1362 2562 mihivideeur-”.V.1150:

171 2602 447 2686 ›Temperantiam
480 2603 647 2669 observare
677 2605 868 2689 (σωφρονεῖν)
896 2606 1035 2687 deosque
1066 2604 1210 2667 venerari
1233 2603 1267 2665 id
1291 2602 1363 2685 pul·

171 2707 360 2773 cherrimum
384 2709 463 2773 duco
487 2715 520 2772 et
541 2709 855 2793 prudentissimu·m”.

215 2814 321 2879 Unam
345 2813 481 2899 denique
505 2814 584 2879 libet
608 2818 722 2880 addere
746 2816 939 2881 sententiam
962 2838 1000 2879 ex
1025 2816 1183 2880 Archelao
1202 2819 1361 2880 servatam

172 2943 190 2983 a
212 2920 384 2985 Plutarcho
415 2918 593 3005 (Quomodo
618 2923 699 2986 adol.
724 2930 783 2985 etc.
807 2942 863 3005 pg.
891 2922 932 2984 20
946 2920 1004 2999 D),
1029 2942 1110 3004 quae
1134 2920 1274 2985 ostendit
1297 2941 1364 2984 non

170 3026 203 3089 in
227 3028 302 3091 deos
325 3027 450 3109 culpam
474 3049 540 3091 esse
564 3028 788 3094 conferendam
814 3028 866 3112 (fr.
892 3029 989 3113 256);

330 3144 368 3199 Α.
394 3134 504 3219 πόλλ’,
531 3132 552 3198 ὦ
577 3135 697 3212 τέκνον,
721 3135 916 3213 adolationes
939 3134 1108 3213 ἀνθρώπους
1134 3134 1204 3198 θεοί.

335 3250 367 3305 Β.
393 3239 427 3302 τὸ
451 3245 560 3323 ῥᾷστον
586 3238 696 3319 εἶπας,
721 3242 922 3305 αἰτιάσασθαι
947 3242 1040 3310 θεούς.

217 3346 277 3411 His
308 3346 477 3411 sententiis
511 3347 673 3431 improbat
701 3346 871 3432 Euripides
900 3347 934 3411 id
966 3350 1051 3431 quod
1074 3347 1144 3431 ipse
1168 3368 1227 3429 per
1251 3345 1367 3429 viginti

174 3453 248 3517 fecit
266 3473 368 3517 annos
389 3453 576 3531 continuos,
597 3454 862 3538 commendatque
883 3454 968 3538 quod
990 3454 1148 3537 peridem
1165 3456 1290 3536 tempus
1302 3450 1367 3514 fere

174 3561 322 3644 neglexit.

180 3754 367 3765 -............,,.

209 3876 357 3942 1)(1sas)=

398 3962 443 4025 Ag.
470 3960 590 4017 Διόνυσε,
608 3957 765 4021 λισσόμεσθά
783 3960 825 4008 ν’·
843 3957 1000 4021 ἠδικήκαμεν.

402 4042 440 4093 Di.
467 4040 511 4102 'db'
532 4039 629 4104 ἐμάθεθ’
648 4040 726 4104 ἡμᾶς,
745 4041 788 4091 ὅτε
806 4040 830 4089 δ’
848 4038 924 4104 ἐχρῆν
942 4040 986 4089 οὐκ
1001 4038 1083 4104 ᾔδετε.

397 4126 441 4189 ng.
468 4121 610 4187 ἐγνώκαμεν
627 4126 718 4173 ταῦτ’·
735 4124 796 4173 ἀλλ’
814 4121 945 4188 ἐπεξέρχει
963 4125 1027 4172 alan.

403 4207 441 4257 Di.
469 4206 512 4255 aa?
529 4208 578 4270 γὰρ
596 4208 654 4269 πρὸς
672 4205 739 4269 ὑμῶν
757 4205 808 4264 θεὸς
824 4208 909 4269 γεγὼς
926 4204 1069 4270 ὑβριζόμην.

395 4291 439 4353 dg.
466 4289 542 4352 ὀργὰς
559 4287 645 4351 πρέπει
663 4287 731 4347 θεοὺς
748 4287 798 4351 οὐχ
814 4287 958 4350 ὁμοιοῦσθαι
975 4290 1080 4349 βροτοῖς

213 4374 321 4423 Bacchus
340 4372 398 4421 satia
410 4372 493 4436 jejune
513 4375 647 4438 respondet:

471 4453 553 4503 πάλαι
571 4452 633 4503 τάδε
651 4454 711 4513 Ζεὺς
729 4452 805 4516 οὑμὸς
822 4451 951 4503 ἰσένσνσεν
967 4450 1058 4513 πατήρ.

212 4538 255 4587 Dii
274 4538 378 4587 accusati
395 4537 533 4602 frequenter
549 4538 645 4603 culpam
662 4538 687 4586 in
704 4538 813 4602 superius
830 4536 933 4600 aliquod.
943 4551 1031 4585 numen
1046 4536 1202 4588 transferunt.
1291 4556 1297 4583 ς
