3250 5217
826 376 870 441 84

211 602 213 606 ·
303 558 387 626 Sunt
410 563 515 625 tamen
529 558 625 624 etiem
637 559 717 624 aliae
729 581 777 625 rea
789 580 869 646 quaa
880 558 1135 645 procurationem
1147 556 1344 634 desiderant,
1357 555 1445 620 velut

255 666 333 731 vitia
350 666 501 730 humana.
525 665 654 731 Monuit
674 666 841 731 hominum
862 665 953 731 notio
972 665 1052 751 justi
1072 666 1105 729 et
1123 664 1218 746 recti,
1240 685 1335 749 quam
1348 683 1444 746 supra

255 772 443 849 memoravi,
464 772 593 836 deorum
612 794 679 837 esse
699 773 805 837 ulcisci
823 776 977 857 quaedam
988 775 1133 856 peccata,
1144 792 1279 855 quorum
1288 768 1443 855 judicium

255 899 321 943 non
344 899 442 962 penes
465 877 610 943 homines
629 900 695 944 esse
714 879 884 945 videretur.
909 877 1013 954 Quare
1030 877 1171 961 Jupiter,
1193 876 1248 961 qui
1267 874 1353 940 solus
1373 895 1442 938 om-

255 983 344 1047 nium
376 984 506 1048 deorum
536 984 633 1070 vulgo
663 985 713 1050 his
735 986 880 1070 fungitur
902 984 1030 1062 officiis,
1053 984 1196 1068 perjuros
1219 982 1389 1048 destituere
1412 985 1443 1047 et

257 1090 351 1155 exitio
373 1090 496 1154 tradere
519 1090 657 1156 creditur
681 1091 731 1178 (Il.
756 1091 811 1158 IV.
835 1092 930 1179 235),
950 1088 1135 1175 praesertim
1154 1111 1252 1175 quum
1267 1088 1440 1173 perjurium

257 1198 300 1260 sit
330 1195 486 1279 quaedem
517 1196 636 1281 injuria
665 1198 744 1282 ipsis
773 1199 834 1263 diis
863 1197 972 1274 illata3
996 1200 1051 1262 sed
1072 1201 1104 1261 et
1127 1196 1278 1281 superbos
1296 1196 1442 1260 inexora-

257 1301 398 1387 bilesque
419 1302 525 1387 perdit
546 1306 662 1387 rogatu
685 1303 829 1369 [iterum
852 1305 1000 1380 dearum3
1023 1302 1171 1388 superbia
1194 1302 1280 1367 eninr
1298 1301 1443 1366 homines

256 1430 457 1493 nequaquam
469 1410 568 1486 decet,
580 1432 654 1475 nam
667 1411 809 1491 στρεπτοὶ
822 1411 855 1475 δέ
867 1434 902 1475 τε
914 1409 966 1475 aei
979 1408 1036 1475 decl
1050 1409 1138 1474 atrei
1150 1407 1223 1494 (IX.
1232 1409 1298 1475 496
1307 1407 1390 1493 sqq.)
1401 1404 1442 1491 ¹);

257 1517 324 1594 tum
354 1535 472 1598 poenas
505 1515 602 1580 sumit
634 1519 673 1581 de
703 1517 742 1581 iis
769 1516 825 1602 qui
847 1516 988 1601 hospites
1011 1502 1230 1600 supplicesque
1251 1511 1443 1578 contumelia

255 1620 411 1697 afficiunt,
448 1621 567 1707 quippe
598 1623 653 1708 qui
684 1643 794 1689 ornnes
816 1645 836 1687 a
858 1622 938 1689 Jove
973 1622 1059 1688 mitti
1089 1624 1260 1687 credantur
1285 1618 1357 1707 (Od.
1381 1618 1441 1687 IX.

258 1727 322 1792 269
346 1748 435 1813 sqq,
458 1726 544 1793 xlv.
570 1730 635 1795 283
659 1751 719 1815 sq,
742 1731 809 1794 404
833 1729 928 1816 sqq).

300 1834 372 1900 Hae
401 1834 467 1900 fere
490 1840 566 1901 sunt
587 1858 654 1915 res,
678 1836 713 1901 in
737 1837 853 1923 quibus
875 1836 920 1900 dii
943 1834 1107 1901 Homerici
1130 1833 1271 1899 moribus
1295 1836 1440 1918 prosunt.

257 1938 448 2026 Ceteroquin
474 1941 625 2007 virtutem
648 1966 760 2028 pamm
785 1947 899 2009 curant
922 1964 1024 2028 neque
1045 1942 1101 2021 iis,
1128 1942 1298 2006 dummodo
1322 1960 1441 2005 morem

256 2047 317 2112 sibi
344 2068 453 2131 gerere
476 2048 616 2133 possint,
641 2072 791 2136 umquam
814 2049 927 2135 religio
950 2053 999 2115 est
1021 2048 1166 2114 homines
1188 2048 1229 2112 ad
1252 2047 1368 2112 scelera
1390 2046 1441 2109 in·

256 2152 371 2229 citere;
395 2152 430 2218 hi
453 2156 559 2219 autem
582 2154 708 2240 eulpam
731 2156 766 2220 in
789 2177 843 2222 eos
863 2155 1006 2221 conferre
1028 2159 1062 2220 et
1082 2154 1131 2219 rel
1150 2157 1329 2239 praesentes
1349 2173 1441 2217 accu-

256 2279 342 2335 sare,
367 2261 478 2342 utpote
501 2259 699 2325 familiariter
722 2283 793 2328 cum
816 2262 856 2327 iis
880 2263 1039 2339 virentes,
1063 2282 1129 2326 non
1151 2260 1310 2326 dubitant.

300 2362 412 2429 Dolosi
435 2369 468 2431 et
490 2364 618 2431 fallaces
640 2366 823 2452 frequenter
845 2372 1000 2434 vocantur
1013 2365 1036 2447 ²)
1061 2368 1113 2451 (Il.
1137 2366 1199 2433 III.
1224 2366 1303 2443 365,
1331 2366 1442 2433 XXII.

258 2468 309 2535 15.
335 2467 394 2534 Od.
419 2469 490 2538 XX.
516 2472 613 2558 201);
638 2470 863 2557 Agamemnon
885 2474 920 2538 in
940 2472 1133 2558 Argivorum
1152 2473 1305 2539 concione
1324 2494 1356 2537 se
1375 2474 1443 2557 ipse

254 2576 459 2641 innocentem
490 2600 556 2643 esse
586 2582 738 2645 testatur:
771 2580 885 2646 Jovem
916 2580 1001 2645 enim
1033 2584 1066 2645 et
1096 2581 1228 2645 Parcam
1260 2583 1292 2645 et
1313 2578 1442 2643 Furiam

255 2680 332 2756 ἄτην
356 2682 417 2747 sibi
437 2683 603 2749 immisisse
625 2708 723 2769 quum
745 2684 904 2751 Achillem
928 2686 1069 2771 praemio
1092 2685 1252 2770 spoliaret.
1282 2685 1331 2764 (ll.
1352 2683 1442 2750 XIX.

256 2791 298 2856 86
330 2789 425 2875 sqq).
457 2788 576 2855 Nullus
608 2794 685 2856 deus
713 2796 821 2857 tamen
844 2792 969 2858 Venere
993 2793 1127 2878 nequior
1150 2796 1207 2858 est.
1242 2790 1317 2857 Non
1340 2792 1442 2857 solum

254 2895 410 2961 Helenam
438 2896 486 2962 'ad
521 2897 712 2962 adulterium
745 2898 889 2985 impulit,
922 2900 1007 2984 quod
1039 2921 1148 2964 omnes
1179 2900 1291 2963 uotum
1322 2897 1443 2963 habent

253 3002 423 3087 palamque
446 3002 475 3066 ei
497 3002 653 3088 objiciunt
676 3004 726 3089 (Il.
751 3004 791 3070 V.
818 3006 882 3070 349
906 3028 986 3091 sqq,
1010 3004 1069 3071 Od.
1094 3005 1152 3071 IV.
1179 3006 1241 3070 261
1260 3026 1319 3089 sq,
1340 3002 1381 3068 cf.
1401 3002 1441 3069 Il.

253 3107 317 3174 III.
349 3109 414 3173 164
444 3110 543 3194 sqq),
578 3110 632 3174 sed
663 3111 758 3175 etiem
783 3130 882 3197 quum
905 3110 1029 3177 Helena
1049 3111 1237 3197 jamdudum
1261 3111 1443 3176 Menelaum

254 3214 434 3279 desiderans
458 3216 577 3280 acerbis
599 3216 703 3281 verbis
726 3239 759 3282 se
782 3238 852 3281 eam
872 3217 906 3281 in
923 3217 1045 3282 Paridis
1065 3217 1244 3282 cubiculum
1265 3220 1442 3282 secuturam

254 3324 369 3405 negat,
390 3320 468 3385 diris
488 3320 583 3386 minis
604 3321 662 3386 dea
681 3321 835 3388 feminam
847 3322 882 3389 in
894 3322 1095 3408 impudicitia
1105 3343 1304 3407 perseverare
1315 3322 1403 3407 cogit
1415 3322 1441 3408 ⁸)

288 3607 315 3671 1)
331 3608 419 3659 Tamen
432 3606 604 3657 observandum
611 3607 1187 3674 eatomnemposnamdirineminduerespeoiem
1203 3606 1352 3667 ultionis;
1368 3606 1442 3657 etiam

253 3689 297 3739 irae
312 3689 338 3739 in
355 3703 381 3738 ra
398 3689 459 3739 fletis
475 3689 583 3740 Liternus
600 3689 719 3755 personis,
736 3691 778 3756 qni
792 3690 927 3755 snperbiam
939 3690 1007 3756 quasi
1022 3689 1137 3754 injuriam
1151 3690 1198 3740 sibi
1210 3689 1304 3740 illatam
1319 3689 1440 3755 punirent.

286 3772 313 3834 a)
336 3771 451 3837 Quamvis
472 3772 572 3822 fortasse
591 3771 643 3836 jam
664 3772 754 3824 nimius
779 3773 805 3824 in
833 3773 871 3822 his
887 3772 1018 3823 tractandis
1035 3788 1084 3822 esse
1100 3772 1196 3835 ridear,
1213 3788 1251 3823 me
1268 3789 1317 3823 non
1332 3772 1441 3823 contineo

253 3852 311 3918 quin
328 3853 466 3903 admoneam
481 3854 639 3913 contusionis,
657 3870 717 3919 quae
733 3854 841 3905 nascitur
858 3855 899 3905 ubi
916 3855 950 3905 dii
966 3854 1071 3905 eiusdem
1088 3855 1178 3918 peceati
1192 3859 1300 3905 auctores
1314 3859 1339 3905 et
1352 3854 1442 3905 ultores

253 3951 301 3985 esse
319 3936 439 3986 dicuntur.
455 3935 494 3985 Sic
512 3940 672 4001 Agamemnon
690 3936 735 3986 sibi
750 3952 889 4003 persuasum
903 3935 1072 3987 hebetiorem
1086 3936 1195 3987 Troianis
1210 3936 1313 4002 periuris
1326 3936 1442 3987 auxilium

252 4034 300 4067 non
325 4018 433 4069 laturum
455 4020 496 4069 sed
517 4034 556 4069 eos
581 4018 681 4084 pessime
704 4019 855 4085 perditurum
877 4035 939 4080 ease,
962 4035 1105 4085 quamquam
1127 4019 1224 4085 Jupiter
1245 4020 1296 4085 ipse
1318 4018 1442 4069 Minervae

251 4101 392 4167 permiserat
409 4105 436 4152 ut
455 4101 592 4153 Pandarum
609 4101 721 4153 incitaret
738 4103 768 4151 ad
783 4105 881 4167 pactum
897 4118 951 4153 cum
968 4102 1064 4153 Graecis
1079 4103 1217 4154 violandum
1226 4102 1270 4168 (ΙΙ.
1280 4102 1320 4151 111
1330 4102 1362 4151 tt
1371 4102 1442 4168 sqq).

286 4186 314 4250 8)
331 4185 460 4250 Plerosque
478 4186 558 4235 autem
576 4184 653 4245 locos,
673 4185 711 4235 nbi
729 4185 879 4235 immortales
895 4185 1009 4235 levissimi
1025 4185 1184 4251 mortalesque
1200 4186 1226 4236 in
1240 4200 1280 4234 eos
1293 4183 1442 4235 audacissimi

253 4268 414 4325 inducuntur,
437 4266 484 4316 viri
507 4266 571 4316 docti
593 4282 678 4332 magne
694 4266 863 4331 probabilitate
872 4272 927 4330 2non
944 4267 1040 4333 abipso
1057 4266 1141 4317 Iliadis
1158 4271 1227 4333 poeta
1243 4265 1385 4332 compositos
1402 4267 1442 4315 ssd

254 4365 268 4399 a
285 4349 456 4416 posterioribus
479 4348 581 4397 insertos
605 4365 653 4398 esse
671 4350 817 4399 contendunt
834 4350 893 4411 (rid.
912 4349 1006 4413 Bergk,
1023 4350 1108 4399 Gasch.
1126 4350 1148 4399 d.
1167 4348 1261 4400 (triech.
1278 4348 1439 4399 Literatan

253 4449 291 4498 pg.
305 4433 380 4495 eel);
396 4432 477 4496 itaque
494 4447 522 4481 ea
537 4447 597 4495 quae
611 4431 743 4497 plurimum
756 4432 878 4481 offendunt
891 4432 990 4481 fortasse
1004 4447 1052 4482 non
1066 4436 1201 4497 temporum
1217 4431 1316 4481 illorum
1330 4429 1441 4493 religioni

252 4514 387 4564 ascribenda
403 4516 464 4564 sunt.
489 4515 553 4565 Nam
570 4514 646 4565 mains
663 4517 734 4583 poeta
748 4530 796 4563 non
812 4513 947 4578 aequalium
961 4513 1101 4579 opinionum
1114 4514 1242 4579 imaginem
1255 4528 1337 4563 reram
1350 4513 1440 4564 referre
