3250 5217
732 370 795 435 193

214 550 381 636 Euripides
414 572 541 636 quoque
568 551 689 635 optime
711 558 910 636 perspectum
934 552 1074 622 habebat
1095 554 1262 640 ingenium
1285 578 1357 621 mu·

166 656 284 736 hebra,
317 658 445 743 eiusque
468 658 693 742 perfectionem
717 658 891 724 illustravit
913 659 1075 725 Alcestide
1098 661 1262 746 Polyxena
1276 661 1356 728 Ma·

166 764 251 828 caria
285 764 408 829 Iocaste
442 764 619 850 Iphigenia.
654 762 745 839 Quod
774 764 806 829 id
838 768 912 850 post
943 765 1118 831 Homerum
1150 790 1234 833 unus
1264 768 1356 846 fecit,

164 868 269 935 fateor
300 893 350 935 me
379 871 472 935 huius
502 872 548 935 rei
576 864 704 936 nullam*
730 893 857 937 causam
885 872 1025 937 indicare
1055 896 1147 958 posse
1178 875 1240 940 nisi
1271 876 1357 959 quod

164 976 198 1041 id
229 978 305 1042 tulit
334 978 400 1043 sius
431 978 608 1063 ingenium.
640 976 771 1062 Saepius
794 979 1030 1044 observavimus
1054 1002 1126 1044 eum
1145 982 1250 1046 animo
1268 982 1357 1046 velut

164 1084 375 1166 praesensisse
397 1087 541 1169 tempora
560 1084 753 1168 posteriora3
775 1085 820 1149 sio
841 1085 936 1149 etiam
956 1086 991 1149 in
1004 1085 1063 1150 hac
1074 1108 1109 1151 re
1120 1087 1355 1171 quodammodo

164 1190 323 1255 divinavit
345 1191 454 1275 quales
476 1192 609 1255 virtutes
632 1191 668 1254 in
691 1190 820 1256 feminis
837 1191 991 1270 laterent,
1012 1214 1093 1277 quae
1105 1198 1216 1277 postea
1228 1194 1354 1259 demum

164 1296 351 1376 eluxerunt,
376 1320 474 1382 quum
498 1318 590 1362 sexus
613 1297 775 1362 muliebris
800 1319 858 1363 suo
882 1298 952 1363 looc
976 1302 1059 1363 esset
1081 1299 1263 1366 collocatus.
1292 1299 1356 1365 Vix

164 1423 245 1486 opus
268 1408 316 1469 est
338 1405 441 1468 dicere
464 1403 598 1468 feminas
623 1404 769 1487 aequales
793 1403 823 1467 ei
842 1425 908 1468 non
929 1405 1072 1489 exemplo
1093 1406 1205 1490 fuisse,
1219 1406 1356 1471 sedeum

164 1509 225 1574 sibi
241 1515 273 1575 et
285 1511 431 1575 mulieres
444 1512 476 1574 et
487 1513 591 1575 totum
604 1509 742 1573 familiae
751 1512 869 1574 statum
879 1510 1037 1575 diversum
1050 1512 1259 1597 proposuisse.
1270 1510 1303 1577 N
1304 1534 1356 1576 am

163 1620 405 1702 quotaquaeque
434 1618 652 1681 matronarum
686 1614 928 1680 Atheniensium
953 1620 989 1681 ut
1011 1616 1147 1683 Alcestis
1169 1623 1201 1683 et
1223 1618 1357 1683 Euadne

164 1723 274 1787 mariti
305 1744 412 1788 amore
443 1727 530 1787 mota
561 1725 696 1786 mortem
725 1722 863 1806 petivit?
898 1720 985 1797 Quae
1019 1727 1121 1788 mater
1154 1724 1266 1789 similis
1289 1728 1358 1789 erat

163 1828 325 1907 locastae,
356 1852 436 1913 quae
468 1850 590 1894 summo
621 1849 727 1893 amore
758 1850 944 1913 summaque
976 1830 1165 1895 auctoritate
1188 1831 1271 1896 filios
1295 1832 1357 1897 sibi

163 1935 300 2001 invicem
324 1934 456 2001 infestos
480 1937 515 2000 in
538 1936 674 2020 gratiam
698 1935 903 2000 reconciliare
927 1939 1080 2014 conatur,
1107 1959 1181 2003 mox
1200 1938 1354 2002 incorum

164 2041 348 2126 corporibus
373 2064 405 2107 ss
428 2043 498 2127 ipsa
520 2042 696 2107 interficit?
719 2040 795 2107 Non
818 2042 903 2126 apud
925 2041 1139 2109 Athenienses
1163 2047 1231 2108 erat

299 2148 429 2226 osytae
453 2150 587 2227 τυράννις
612 2147 693 2227 ἀνδρὶ
718 2146 813 2212 τέκνα
837 2148 890 2212 καὶ
915 2148 992 2226 γυνή
1016 2147 1157 2233 (Oedfr.
1173 2149 1261 2234 547).

163 2252 240 2320 Non
269 2254 315 2320 ibi
346 2259 437 2320 erant
465 2255 603 2319 familiae
625 2254 659 2317 in
683 2254 797 2339 quibus
819 2256 911 2338 pater
933 2256 1034 2319 mater
1055 2254 1148 2319 liberi
1170 2256 1352 2320 arctissimis

164 2360 280 2425 amoris
310 2360 445 2425 vinculis
473 2360 637 2445 conjuncti
668 2362 790 2437 essent,
824 2360 927 2444 qualis
949 2361 1015 2426 eius
1038 2362 1140 2426 menti
1158 2362 1350 2427 obversaba-

165 2468 217 2531 tur
241 2487 313 2531 cum
337 2454 414 2532 talia
448 2468 647 2554 eloqueretur
671 2467 842 2551 (Androm.
866 2467 965 2552 418):
1015 2478 1019 2484 '

609 2576 687 2639 πᾶσι
712 2574 738 2637 δ’
763 2573 925 2654 ἀνθρώποις
951 2574 997 2655 ἄρ’
1024 2570 1057 2650 ἦν

297 2683 389 2763 ψυχὴ
413 2680 510 2746 τέκν’·
534 2678 615 2753 ὅστις
640 2678 668 2745 t'
693 2679 764 2745 αὔτ’
787 2677 909 2761 ἄπειρος
934 2681 972 2746 ὢν
994 2681 1108 2762 ψέγει,

297 2784 387 2861 ἧσσον
410 2787 466 2865 μὲν
489 2788 603 2865 ἀλγεῖ,
628 2786 840 2866 δυστυχῶν
862 2788 889 2851 δ’
913 2788 1215 2874 εὖδαιιμονεῖῑ),

163 2916 265 2979 neque
287 2895 365 2960 illuc
383 2916 497 2959 uxores
515 2894 579 2959 dici
599 2898 748 2979 poterant
764 2894 983 2970 >ouarotsir''
996 2894 1048 2979 (fr.
1064 2894 1128 2958 164
1141 2892 1270 2980 Antig.)
1284 2917 1351 2959 ma·

162 3002 359 3088 ritorumque
389 3001 538 3067 solatium
569 3004 602 3065 et
629 3000 821 3085 praesidium
843 3000 879 3064 in
898 3000 993 3064 rebus
1011 2999 1150 3065 adversis
1168 3000 1291 3085 (Phrix.
1312 3000 1351 3064 fr.

165 3110 229 3173 819
260 3114 292 3174 et
323 3109 412 3194 820).
445 3108 542 3173 Haud
572 3107 667 3172 dubie
699 3108 806 3170 mente
836 3105 898 3170 sibi
920 3105 1093 3191 effingebat
1115 3104 1265 3191 mulieres
1286 3126 1353 3170 non

164 3215 296 3299 proinde
318 3238 355 3280 ac
376 3213 588 3280 Athenienses
600 3212 717 3277 mentis
726 3212 911 3297 ingeniique
927 3213 1014 3277 cultu
1024 3233 1152 3297 prorsus
1165 3213 1350 3278 destitutas:

166 3322 309 3388 Phaedra
332 3326 416 3388 certe
440 3343 506 3387 non
528 3321 659 3385 indocta
682 3323 746 3405 est,
772 3341 854 3404 quae
876 3319 998 3384 scilicet
1020 3341 1126 3384 rerum
1139 3318 1351 3384 humanarum

166 3430 329 3495 interitum
365 3430 599 3494 commentatur
630 3425 743 3511 (Hipp.
776 3426 840 3491 375
871 3427 975 3511 sqq.);
1009 3425 1190 3511 Melanippo
1221 3426 1354 3491 ridicule

165 3536 290 3622 sapiens
321 3532 458 3617 evasit²l
469 3556 477 3614 ;
512 3534 650 3619 reliquas
680 3554 772 3611 vero,
800 3555 880 3617 quas
902 3533 1008 3617 pinxit
1031 3532 1183 3615 feminas,
1208 3533 1354 3617 quamvis

166 3646 272 3709 mente
294 3644 510 3729 praestantes,
535 3643 643 3706 tammr
665 3640 842 3725 disciplinis
864 3660 931 3704 non
954 3639 1095 3704 eruditae
1116 3642 1203 3703 sunt.

209 3750 289 3817 Oum
310 3771 384 3816 vero
404 3750 503 3815 vitam
523 3748 724 3833 conjugalem
745 3732 990 3812 ita'mutandain
1002 3750 1145 3824 censeat,
1158 3766 1224 3810 non
1236 3745 1352 3810 mirum

166 3860 212 3922 est
241 3856 417 3942 improbari
445 3855 601 3920 rationem
632 3875 696 3939 qua
719 3854 817 3939 vulgo
841 3853 1045 3917 matrimonia
1068 3851 1353 3917 contrahebantur.

166 3964 236 4031 Non
263 3964 399 4049 amplius
418 3962 586 4028 videbatur
604 3961 640 4025 in
663 3960 902 4025 matrimonium
924 3959 1069 4039 ducenda
1080 3979 1146 4023 esse
1157 3958 1248 4043 virgo
1260 3979 1352 4043 pror·

167 4094 217 4137 sus
240 4072 369 4157 ignota,
394 4092 415 4134 a
437 4068 624 4154 parentibus
644 4067 708 4133 suis
728 4069 900 4151 desponsa;
918 4066 1027 4151 itaque
1045 4065 1080 4129 in
1092 4064 1194 4131 Inone
1206 4064 1257 4150 (fr.
1272 4065 1352 4150 406)

197 4359 220 4421 Ι)
239 4360 275 4410 Cf.
294 4362 387 4412 Danaes
403 4359 433 4411 fr.
451 4360 514 4419 318,
533 4360 594 4411 Dict.
612 4357 642 4411 ir.
661 4360 723 4420 333,
742 4359 802 4411 Oen.
819 4360 850 4411 ir.
870 4356 933 4419 570,
952 4360 1053 4409 Ocnom
1071 4358 1102 4409 ir.
1120 4357 1177 4411 ott.

196 4443 224 4510 2)
240 4438 336 4494 chorus
355 4444 453 4493 Medeae
471 4444 657 4505 (1031-1033)
673 4444 723 4509 ipse
738 4445 842 4493 testatur
858 4456 966 4508 sempe
983 4443 1098 4506 cogitasse
1118 4438 1230 4490 derebus
1245 4437 1353 4487 subtilio-

165 4524 229 4575 ribus
244 4542 316 4590 quam
332 4542 376 4591 pro
393 4525 505 4576 mullebri
521 4526 628 4589 ingenim
646 4525 689 4574 hus
706 4529 785 4575 eutem
801 4541 816 4576 a
834 4524 914 4574 Musis
930 4539 979 4574 non
995 4538 1094 4589 prorsus
1109 4522 1198 4571 alienas
1213 4535 1269 4570 esse.

1204 4604 1235 4651 13
