3250 5217
736 361 779 429 95

153 547 239 612 libus
269 550 302 612 et
332 546 514 612 moralibus.
546 545 822 630 Anaxagoras
854 545 893 609 de
922 544 1053 610 numine
1083 545 1191 611 divino
1214 546 1340 612 nullum

156 654 273 738 dogma
303 652 503 738 proposuisse
526 652 668 729 videtum
698 650 888 736 posteriores
922 650 1081 717 affimant
1103 674 1174 717 eum
1199 652 1341 719 Mentem

155 759 249 824 deum
281 758 456 845 appellasse
469 756 506 844 l).
536 757 655 824 Jurene
683 781 726 823 an
756 758 876 843 injuria
908 780 1020 844 parum
1054 758 1168 824 referre
1198 760 1337 840 videtur3

155 864 305 930 omnibus
328 865 468 929 certain
491 864 584 929 rebus
607 870 671 936 νοῦς
695 865 724 929 ei
745 864 807 931 fuit
831 864 881 930 dei
902 864 1012 929 instar.

201 970 428 1057 Sophistae
461 970 563 1055 magis
594 971 703 1036 testati
737 973 874 1037 sunt'se
896 974 935 1036 de
959 971 1019 1035 diis
1042 970 1124 1036 nihil
1146 978 1342 1059 compertum

156 1078 273 1143 habere
297 1099 400 1162 neque
419 1078 519 1161 igitur
538 1077 745 1162 popularibus
756 1077 981 1143 traditionibus
992 1078 1234 1165 credereposse‚
1246 1102 1342 1165 quam

156 1186 297 1250 diversae
329 1188 460 1248 naturae
488 1205 607 1248 numen
638 1186 855 1249 venerandum
887 1190 1128 1270 proposuerunt.
1152 1185 1344 1271 Protagoras

156 1291 323 1357 notissimo
346 1290 420 1355 libri
443 1290 491 1355 sui
515 1289 643 1355 exordio
667 1290 882 1356 affirmaverat
905 1313 938 1356 se
961 1290 1043 1356 nihil
1066 1295 1105 1357 de
1128 1292 1210 1357 divis
1227 1292 1345 1358 habere

156 1398 242 1483 quod
265 1397 402 1482 liqueat,
423 1401 530 1461 utrum
551 1396 616 1461 siut
635 1418 744 1462 annon
764 1396 848 1473 sint;
867 1419 942 1461 nam
959 1397 1085 1463 obstare
1103 1397 1149 1463 rei
1168 1399 1344 1464 obscurita-

156 1510 220 1569 tem
245 1505 402 1589 breveque
425 1503 690 1568 vitaehumanae
714 1503 852 1587 spatium
864 1510 898 1583 ²).
921 1502 1075 1568 Prodicus
1099 1504 1261 1590 explicans
1283 1506 1343 1570 ho·

156 1612 259 1676 mines
279 1610 398 1695 primos
417 1609 499 1674 vires
518 1609 678 1673 naturales
696 1630 777 1693 quae
796 1608 836 1673 iis
856 1608 926 1674 usui
938 1613 1043 1674 essent
1053 1632 1112 1695 pro
1125 1610 1185 1675 diis
1196 1611 1345 1677 habuisse

156 1739 223 1782 non
252 1717 378 1782 videtur
400 1738 452 1781 eos
475 1736 541 1780 esse
563 1714 740 1780 credidisse.
765 1714 803 1779 ln
826 1714 865 1779 iis
887 1737 961 1780 vero
985 1716 1240 1794 recitationibus,
1266 1740 1345 1803 quas

157 1825 197 1889 ad
227 1822 383 1909 populum
413 1821 590 1905 habebant,
623 1820 748 1906 vulgari
775 1844 869 1887 sensu
893 1843 1002 1887 eorum
1024 1823 1156 1888 nomina
1179 1846 1346 1910 usurpasse

156 1931 316 1996 videntur.

202 2036 339 2101 Plurimi
361 2036 460 2120 igitur
477 2034 660 2121 philosophi
678 2034 795 2100 fabulis
816 2035 1041 2121 mythologicis
1059 2038 1154 2102 fidem
1167 2058 1234 2102 non
1245 2038 1346 2104 habe·

158 2144 254 2221 bant,
287 2145 342 2207 sed
374 2141 504 2207 diversis
534 2142 648 2227 opinor
671 2142 709 2207 de
732 2142 844 2207 causis.
869 2141 1084 2227 Xenophanes
1107 2148 1139 2208 et
1162 2144 1346 2210 Heraclitus

158 2250 308 2314 videntur
330 2247 497 2333 praecipue
517 2247 677 2332 indignati
699 2269 765 2312 esse
788 2268 891 2312 mores
913 2269 1029 2339 pravos
1051 2251 1261 2333 naturamque
1285 2251 1346 2315 im·

158 2354 349 2441 perfectam,
381 2376 477 2438 quam
504 2356 616 2437 poetae
638 2354 699 2418 diis
722 2353 941 2431 ascribebant;
964 2354 1190 2439 intelligebant
1213 2378 1282 2421 eam
1307 2358 1348 2422 ab

160 2462 357 2545 omniparis
378 2460 550 2545 perfectam
570 2482 636 2525 esse
654 2460 783 2538 debere;
803 2461 873 2525 ideo
893 2460 1080 2545 religionem
1092 2466 1128 2526 ut
1140 2464 1347 2551 emendarent

160 2570 246 2633 ultro
280 2568 560 2652 impugnaverunt.
595 2565 665 2631 Hos
694 2566 793 2652 igitur
823 2568 894 2653 ipsa
924 2568 1025 2651 pietas
1055 2568 1194 2654 rectique
1217 2570 1348 2637 scientia

160 2674 263 2739 movit
285 2678 323 2738 ut
346 2676 420 2738 deos
441 2673 576 2737 traditos
594 2695 660 2738 esse
680 2678 836 2759 negarent
848 2674 885 2760 ⁸).
905 2674 1099 2740 Posteriores
1118 2697 1210 2755 vero,
1230 2675 1348 2743 Demo·

161 2780 276 2845 critum
304 2778 530 2863 Anaxagoram
563 2778 727 2864 Sophistas
750 2779 883 2844 scientia
907 2779 1059 2845 naturalis
1083 2784 1115 2845 et
1137 2782 1218 2846 ratio
1241 2783 1348 2867 potius

162 2889 356 2951 monuerunt
385 2906 425 2949 ne
455 2884 608 2970 prodigiis
638 2884 826 2970 fabellisque
854 2885 1097 2973 mythologicis‚
1133 2909 1215 2972 quae
1237 2910 1347 2974 super-

162 2993 249 3057 stitio
273 2991 529 3076 excogitavisset‚
554 2991 650 3056 fidam
673 2991 838 3059 haberent.

197 3246 224 3311 1)
242 3245 338 3303 (licere,
357 3246 453 3304 Sextus,
471 3242 598 3305 Stamene,
616 3243 771 3295 Themistias.

197 3330 224 3395 2)
242 3328 313 3393 Apud
335 3326 403 3390 Diog.
425 3327 452 3375 L.
469 3326 517 3376 IX.
536 3327 578 3377 tl:
596 3323 651 3389 περὶ
667 3326 711 3387 μὲν
729 3325 785 3375 teau
803 3324 848 3376 aba
863 3324 919 3390 ’ἔχω
936 3325 1026 3377 εἰδέναι
1047 3325 1097 3378 ott’
1116 3327 1148 3387 ὡς
1165 3326 1227 3378 εἰσὶν
1247 3325 1296 3377 ota’
1317 3327 1349 3387 ὡς

165 3408 207 3460 οὒκ
230 3410 299 3459 εἰσίν.
323 3410 409 3459 πολλὰ
430 3410 479 3471 γὰρ
497 3405 797 3467 casertanensem,
816 3409 877 3466 ἥτε
894 3408 1021 3467 ἀδηλότης
1040 3409 1083 3459 καὶ
1100 3407 1248 3473 sspaxbctis
1266 3409 1350 3473 δβίος

163 3495 208 3543 τοῦ
227 3489 359 3554 ἀνθρώπου.
377 3492 550 3556 corrigendum
566 3494 612 3542 est:
632 3488 676 3539 ota
691 3489 746 3554 ’έχω
764 3490 884 3549 εἰπεῖν,
901 3496 954 3542 tam
971 3508 999 3541 ax
1015 3507 1059 3542 usu
1073 3492 1168 3557 linguae
1183 3493 1351 3543 Graecascnm

163 3576 241 3624 scio.
259 3575 287 3623 ‹la
304 3578 353 3624 nat.
372 3576 400 3625 D.
419 3574 440 3623 Ι.
458 3574 498 3633 23,
517 3574 549 3623 6³
573 3573 697 3624 vertentis:
725 3574 754 3623 (le
779 3573 841 3625 diris
867 3590 942 3640 nequa
965 3578 993 3624 ut
1016 3574 1065 3624 sint
1087 3590 1163 3639 neque
1187 3577 1215 3626 ut
1237 3590 1286 3627 aaa
1302 3575 1352 3627 aiut

166 3656 239 3707 babeo
256 3657 367 3706 dicere.

198 3740 225 3805 8)
243 3738 279 3789 Ol.
296 3737 438 3789 Schillarus:
456 3737 553 3788 Welcbe
570 3736 680 3803 Religion
696 3737 735 3788 ich
751 3737 876 3787 balanna?
895 3737 970 3788 Kaine
989 3754 1034 3789 ron
1051 3739 1114 3789 allen

473 3819 518 3869 Die
534 3819 567 3869 du
583 3818 630 3869 mir
646 3812 739 3871 renuat.
756 3846 784 3857 -
802 3820 902 3871 Wsrum
918 3819 1006 3870 ksinal
1055 3822 1116 3871 Ans
1133 3821 1291 3887 Religion.
