3250 5217
840 410 882 475 50

265 612 318 677 pg.
349 594 392 657 45
416 595 477 680 sq.)
508 601 544 659 ut
570 594 622 659 hic
653 594 804 659 maiorem
836 598 915 658 natu
946 597 1072 679 poetam
1095 593 1240 659 imitatus
1260 617 1327 659 esse
1351 594 1447 680 vulgo

265 700 419 766 credatur.
747 691 751 697 ’

309 805 466 881 Quidnam
498 830 536 871 ex
567 808 652 872 hisce
683 808 833 872 omnibus
864 808 1029 892 sequitur?
1059 806 1138 872 Esto
1160 807 1345 891 Euripidem
1369 829 1452 871 non

262 914 423 978 imitatum
455 936 521 979 esse
550 914 764 1000 Aeschylum,
794 938 871 979 num
895 935 972 998 ergo
995 915 1104 979 omnia
1125 916 1234 979 statim
1257 937 1276 978 a
1299 936 1450 999 praecep·

262 1024 331 1084 tore
355 1023 528 1105 repetenda
558 1023 659 1085 sunt?
691 1021 832 1085 Minime.
864 1020 1014 1085 Vidimus
1037 1021 1150 1085 saltem
1175 1021 1349 1085 sententias
1373 1042 1452 1105 quas

262 1126 474 1191 recensuimus
498 1149 563 1191 non
588 1127 786 1211 philosophis
809 1130 936 1191 tantum
959 1127 1105 1212 proprias
1128 1149 1204 1191 esse.
1229 1125 1282 1191 An
1305 1127 1451 1212 Aeschy-

262 1232 329 1297 lum
359 1233 493 1299 fortasse
516 1234 729 1318 Anaxagorae
751 1234 956 1297 institutione
978 1222 1139 1297 eruditum
1161 1233 1257 1298 fuisse
1278 1236 1451 1318 putemus?

260 1341 330 1407 Hoc
350 1342 442 1406 valde
464 1342 610 1427 exiguam
634 1341 732 1405 habet
755 1341 860 1407 fidem.
883 1340 968 1405 Nam
988 1341 1158 1406 admodum
1176 1341 1383 1425 probabiliter
1401 1364 1452 1406 me

257 1448 364 1533 judice
383 1446 569 1514 Schaubach
589 1448 633 1532 (p.
655 1448 698 1511 14
718 1455 777 1531 sq.)
797 1447 996 1511 demonstrat
1016 1453 1048 1531 (a
1061 1469 1125 1531 quo
1138 1469 1240 1531 neque
1252 1446 1353 1511 Zeller
1368 1448 1450 1511 mul-

191 1569 240 1617 sss
257 1559 327 1620 tum
347 1556 521 1639 discrepat,
540 1554 574 1632 l,
595 1576 649 1639 pg.
671 1553 735 1619 865
756 1555 840 1639 sqq.)
859 1552 944 1617 hunc
965 1575 1030 1617 non
1049 1555 1124 1617 ante
1145 1552 1195 1617 Ol.
1217 1554 1291 1630 80‚1
1305 1552 1451 1617 Athenas

257 1662 397 1738 venisse;
424 1660 599 1745 Aeschylus
622 1664 726 1725 autem
749 1662 817 1745 jam
842 1661 992 1724 antesin
1015 1659 1156 1724 Siciliam
1180 1659 1340 1743 profectus
1364 1663 1449 1737 erat,

259 1774 291 1832 et
314 1771 423 1852 postea
445 1767 629 1831 brevissime
652 1769 778 1831 tanturn
803 1766 943 1831 Athenis
966 1770 1179 1830 commoratus
1202 1788 1276 1830 mox
1300 1766 1391 1830 obiit.

304 1873 389 1939 Num
414 1873 591 1959 Aeschylus
609 1877 718 1938 tamen
737 1872 959 1957 philosophiae
979 1874 1126 1937 studuit?
1148 1874 1193 1938 At
1206 1876 1245 1937 de
1257 1872 1317 1937 hac
1328 1895 1362 1937 re
1375 1873 1448 1937 nul-

257 1980 323 2045 lum
345 1984 465 2045 certum
485 1985 626 2065 superest
637 1980 857 2044 testimonium
871 1977 911 2064 ¹),
926 1980 990 2043 nisi
1002 1982 1088 2063 quod
1100 1980 1184 2063 apud
1199 1978 1447 2062 Aristophanem

257 2087 325 2170 ipse
344 2087 541 2151 demonstrat
552 2108 585 2151 se
596 2086 767 2170 diligenter
779 2085 894 2171 legisse
906 2089 1016 2170 poetas
1031 2085 1267 2169 antiquissimos
1280 2082 1316 2168 9).
1330 2083 1448 2159 Quam-

257 2216 353 2277 quam
375 2192 457 2257 nulli
478 2215 628 2277 umquam
652 2191 778 2257 scholae
801 2191 1040 2276 philosophicae
1064 2191 1209 2255 addictus
1233 2191 1314 2274 fuit,
1340 2195 1448 2255 tamen

257 2299 324 2363 sine
356 2300 453 2364 dubio
478 2302 624 2364 naturam
648 2302 680 2363 et
702 2320 751 2363 res
774 2298 932 2362 humanas
955 2298 1126 2383 diligenter
1151 2301 1184 2361 et
1207 2297 1346 2363 studiose
1371 2319 1448 2362 con·

255 2405 427 2489 templatus
451 2408 506 2468 est.
532 2402 644 2489 Neque
668 2426 717 2468 me
737 2404 844 2488 judice
863 2403 1130 2468 reconditioribus
1150 2405 1263 2469 studiis
1284 2426 1363 2489 opus
1381 2407 1449 2469 erat

257 2513 293 2573 ut
322 2510 400 2574 talia
422 2511 600 2587 inveniret;
626 2531 727 2594 neque
749 2509 850 2593 igitur
871 2510 906 2574 in
930 2509 1110 2594 Euripideis
1138 2510 1305 2575 sententiis
1329 2509 1448 2595 placita

258 2618 467 2701 Anaxagorea
498 2617 679 2701 quaerenda
709 2620 802 2693 sunt,
834 2639 915 2701 quae
947 2619 979 2680 et
1010 2638 1080 2681 eum
1112 2616 1152 2680 iis
1176 2617 1381 2702 perexiguam
1405 2618 1448 2681 si·

256 2723 468 2787 militudinem
492 2724 664 2787 ostendunt
687 2725 719 2786 et
742 2723 843 2786 multo
867 2722 1033 2787 subtiliora
1056 2723 1154 2788 fuere.
1179 2721 1261 2787 Tum
1281 2723 1342 2789 hoc
1366 2744 1445 2808 quo·

255 2850 315 2913 que
344 2830 558 2913 reputandum
589 2831 654 2907 cst,
686 2828 888 2912 Euripidem,
916 2830 943 2893 si
965 2829 1084 2913 placita
1107 2830 1321 2913 praeceptoris
1351 2832 1443 2895 tanto

255 2935 360 2999 studio
385 2938 545 2999 ostentare
569 2934 736 3013 voluisset,
762 2940 837 2999 aute
857 2936 966 3000 omnia
984 2956 1036 3000 eas
1056 2935 1202 3019 fabulas,
1221 2958 1300 3020 quas
1321 2936 1447 3020 scripsit

152 3044 163 3065 '
255 3064 353 3127 quum
371 3046 575 3127 praeceptore
594 3042 697 3106 adhuc
718 3042 790 3106 vivo
807 3042 1007 3107 familiariter
1027 3045 1186 3119 uteretur,
1206 3042 1246 3106 iis
1258 3047 1447 3107 ornaturum

289 3328 314 3388 1)
331 3328 419 3376 Tamen
436 3328 484 3377 Cic.
502 3329 569 3378 Tusc.
588 3328 624 3378 11.
644 3330 689 3379 10:
706 3329 807 3378 „Veniat
821 3328 962 3393 Aeschylus,
978 3345 1026 3379 non
1040 3331 1111 3393 poeta
1124 3328 1201 3378 solum
1215 3330 1256 3377 sed
1271 3329 1344 3378 etiam
1359 3329 1447 3393 Pytha·

253 3424 349 3473 goreus3
364 3410 397 3458 sic
411 3410 475 3459 enim
489 3408 643 3475 accepimns'’.
665 3412 728 3459 Bodc
742 3427 798 3460 vero
814 3412 911 3474 (Geseh.
926 3413 968 3459 der
981 3412 1082 3460 dramat.
1096 3412 1241 3460 Dichtlrunst
1255 3412 1297 3459 der
1314 3411 1446 3469 Hcllcncn,

255 3491 282 3549 I,
305 3508 344 3557 pg.
363 3492 425 3557 267)
439 3492 494 3555 jure
512 3493 621 3542 observat
638 3493 726 3544 horum
748 3492 875 3542 verborum
893 3494 983 3542 fontem
1000 3492 1191 3541 tnrbidissimum
1209 3492 1298 3549 videri,
1316 3494 1379 3557 quod
1397 3493 1447 3558 ipsa

253 3574 359 3639 produnt
380 3574 451 3625 verbs
476 3576 523 3625 „sie
545 3576 608 3625 enim
625 3575 782 3641 accepimus''.
801 3577 885 3639 Neque
901 3576 963 3625 illud
979 3576 1144 3625 testimoninm
1164 3576 1212 3625 ulla
1229 3592 1255 3624 re
1272 3575 1394 3641 probabile
1411 3578 1446 3625 fit.

145 3670 148 3677 ·
253 3656 396 3720 Priusquam
418 3656 443 3705 in
466 3657 571 3705 Siciliam
594 3657 707 3721 migravit
724 3657 853 3721 Aeschylus
870 3658 1046 3721 Pythagoream
1064 3658 1214 3723 disciplinam
1232 3673 1278 3706 non
1296 3658 1375 3722 potuit
1392 3676 1446 3723 cog·

253 3753 361 3796 noscere,
376 3754 435 3802 quse
449 3743 531 3803 postea
544 3740 639 3789 demum
656 3755 670 3787 a
687 3740 798 3789 Philoleo
811 3740 837 3787 in
852 3738 977 3788 Graeciam
993 3739 1130 3787 introducta
1146 3740 1184 3787 sit.
1196 3740 1225 3787 In
1235 3740 1342 3788 Siciliam
1351 3741 1447 3789 veniens

253 3823 330 3869 aetate
344 3822 395 3868 erat
408 3822 544 3885 provectior
557 3837 629 3885 quam
645 3826 671 3870 nt
685 3821 752 3871 novis
767 3822 882 3870 doctrinis
896 3821 1030 3871 incubuisse
1038 3822 1070 3870 sit
1078 3822 1214 3871 verisimile.
1226 3822 1271 3870 Sed
1280 3823 1445 3886 gravissimum

253 3906 289 3951 est
302 3902 465 3953 testimonium
481 3906 544 3968 quod
558 3904 608 3953 cius
622 3904 766 3961 sententiae,
780 3906 806 3953 nt
822 3904 871 3954 sint
885 3904 1007 3953 nonnullis
1021 3903 1217 3969 philosophorum
1233 3904 1329 3962 placitis
1342 3906 1444 3964 similes,

253 3986 411 4049 Pythagorica
427 3986 533 4051 proiecto
551 4003 667 4051 nusquam
686 3987 799 4035 referunt.
898 3990 901 3995 “

287 4068 314 4132 2)
332 4068 452 4133 Aristoph.
472 4070 532 4119 Rau.
552 4071 616 4119 1030
635 4087 699 4134 sqq:
718 4068 798 4132 Αἷσχ,
818 4067 911 4129 σκέψαι
929 4071 978 4132 γὰρ
996 4069 1040 4117 ἀπ’
1058 4069 1139 4133 ἀρχῆς

403 4151 435 4209 ὡς
452 4152 573 4215 ὠφέλιμοι
592 4156 642 4201 τῶν
659 4156 765 4210 ποιητῶν
785 4153 927 4214 styrannius
943 4150 1100 4217 γεγένηνται.

405 4234 509 4297 Ὀρφεὺς
528 4234 572 4295 μὲν
590 4236 639 4297 γὰρ
658 4232 767 4291 τελετάς
785 4233 804 4281 t'
823 4232 880 4294 ἡμῖν
898 4232 1027 4297 κατέδειξε
1043 4236 1120 4297 φόνων
1137 4236 1163 4282 τ’
1180 4234 1330 4297 ἀπέχεσθαι.

403 4317 530 4373 Μουσαῖος
547 4314 569 4363 δ’
588 4311 715 4381 ἐξακέσεις
732 4332 761 4364 τε
779 4317 854 4364 νόσων
870 4314 913 4363 καὶ
930 4316 1074 4378 χρησμοὺς,
1093 4314 1208 4374 Ἡσίοδος
1225 4315 1252 4365 δὲ
1272 4317 1280 4339 ⁸

400 4399 449 4460 γῆς
466 4394 600 4460 ἐργασίαις,
618 4402 714 4460 καρπῶν
733 4396 809 4459 ὥρας,
827 4397 945 4459 ἀρότους·
965 4396 978 4445 δ
995 4395 1022 4445 δὲ
1040 4397 1102 4455 θεῖος
1118 4398 1229 4461 Ὅμηρος

402 4563 501 4629 τάξεις,
518 4563 623 4626 ἀρετὰς,
641 4564 753 4620 ὁπλίσεις
770 4564 796 4611 τ’
813 4561 910 4625 ἀνδρῶν.
