3250 5217
687 368 731 505 JJI=
801 414 865 477 102

236 596 441 680 conspectum
460 596 628 661 hominum
647 596 836 681 produceret
854 616 890 660 eo
909 595 979 678 ipso
999 597 1141 680 tempore
1161 616 1223 680 quo
1244 594 1325 659 nihil
1344 596 1429 661 aliud

236 701 353 767 laceret
375 701 438 766 nisi
460 723 570 766 saevas
592 722 712 787 poenas
736 701 917 779 moliretur,
940 704 974 765 et
992 700 1076 765 viam
1099 701 1128 765 ei
1147 701 1343 767 indicassent
1362 702 1430 767 sine

237 806 351 884 dubio,
373 829 530 893 quaeum
554 808 734 872 ostenderet
757 809 919 871 auctorem
944 827 1003 872 nec
1026 809 1136 872 tamen
1159 808 1380 873 detestabilem
1396 809 1430 893 ¹).

282 911 386 987 Quare
407 912 507 997 igitur
530 934 596 978 non
615 914 698 977 idern
718 913 794 978 fecit
812 912 1003 998 Euripides?
1023 912 1115 988 Quod
1137 914 1354 979 dubitationes
1363 914 1430 999 jam

236 1019 368 1084 obortae
390 1018 494 1102 ipsam
518 1040 586 1083 eam
611 1019 797 1097 materiem,
821 1040 901 1103 quae
923 1018 953 1083 ei
975 1018 1108 1083 vitanda
1135 1022 1220 1097 erat,
1248 1040 1314 1084 non
1344 1040 1431 1085 com-

237 1123 434 1189 mendabant
457 1124 559 1189 solum
585 1127 637 1189 sed
663 1125 714 1189 vel
733 1124 951 1190 obtrudebant
974 1125 1041 1190 eius
1061 1125 1170 1190 menti.
1193 1124 1278 1190 Nam
1290 1126 1325 1190 in
1338 1126 1432 1190 rebus

237 1230 353 1295 divinis
389 1229 555 1294 hominnm
586 1231 692 1295 studia
723 1231 821 1315 vulgo
851 1230 912 1295 hoc
942 1233 1038 1295 modo
1070 1234 1259 1316 separantur
1281 1236 1318 1295 ut
1341 1230 1432 1295 alteri

237 1357 319 1422 quae
349 1337 455 1400 ruente
487 1357 554 1400 non
586 1336 717 1422 capiant
745 1336 998 1421 praetermittere
1032 1338 1065 1402 et
1093 1336 1195 1401 vitare
1224 1338 1368 1421 soleant,
1396 1358 1433 1400 ea

118 1531 121 1537 .
238 1441 368 1523 omnino
398 1440 630 1526 intelligentiae
661 1443 727 1507 vim
751 1448 783 1508 et
806 1443 972 1508 notionem
995 1442 1106 1528 fugere
1132 1451 1313 1527 censentes,
1338 1442 1432 1507 alteri

237 1569 313 1614 vero
336 1547 460 1612 ehamsi
484 1547 545 1613 hoc
567 1569 634 1613 non
657 1552 793 1634 negent,
820 1551 928 1613 tamen
952 1549 1029 1633 ipsis
1052 1548 1292 1634 quaestionibus
1317 1552 1350 1613 et
1369 1547 1432 1612 dil-

237 1653 433 1729 ficultatihus
452 1654 498 1718 ita
517 1654 721 1719 stimulentur
742 1659 778 1719 ut
799 1675 865 1719 non
885 1676 918 1721 se
937 1654 1125 1719 contineant
1136 1654 1215 1738 quin
1228 1654 1325 1718 etiam
1337 1655 1433 1737 atque

238 1760 335 1825 etiam
366 1759 474 1823 omnia
498 1759 694 1844 cogitatione
716 1760 885 1844 inquirant
909 1781 946 1824 ac
970 1760 1193 1843 pervestigent
1232 1757 1374 1834 Quorum
1397 1758 1432 1822 in

238 1887 370 1931 numero
400 1887 499 1950 quum
531 1870 612 1931 esset
640 1865 828 1950 Euripides,
860 1865 937 1950 quia
968 1865 1127 1930 sentiebat
1159 1864 1346 1949 perniciosis
1368 1862 1433 1928 illis

238 1971 339 2038 animi
373 1972 686 2057 perturbationibus,
721 1994 800 2058 quas
836 1972 880 2036 dii
909 1971 1055 2056 consulto
1086 1970 1269 2036 hominibus
1300 1971 1432 2055 injicere

240 2079 460 2162 crederentur,
493 2078 710 2144 difficultatem
738 2079 859 2157 inesse,
889 2078 949 2143 hac
978 2078 1048 2162 ipsa
1072 2080 1110 2141 de
1132 2098 1228 2142 causa
1250 2076 1433 2142 huiusmodi

240 2184 486 2271 aggrediebatur
517 2189 707 2270 argumenta
738 2182 1086 2265 repraesentantia.
1114 2181 1201 2248 Dum
1223 2203 1299 2267 ergo
1323 2182 1433 2247 omnia

240 2292 397 2377 explicare
418 2291 569 2356 studebat
592 2312 660 2355 non
682 2294 888 2375 poteratnon
901 2289 1073 2374 confugere
1085 2290 1125 2352 ad
1138 2288 1277 2353 rationes
1289 2291 1432 2373 ctargu·

240 2402 348 2463 menta
378 2399 485 2463 nescio
516 2401 601 2462 unde
624 2397 791 2475 arcessita,
818 2400 851 2463 et
873 2396 1051 2461 molestiam
1068 2395 1127 2460 vel
1149 2393 1310 2480 augentia.
1346 2393 1433 2458 Hine
1506 2433 1508 2435 v

240 2504 357 2569 Veneri
389 2504 603 2589 profitendum
632 2504 694 2568 fuit
729 2526 762 2568 se
793 2503 956 2567 Phaedrae
987 2502 1170 2584 innocentis
1193 2504 1328 2565 mortem
1351 2500 1432 2564 nihil

240 2631 361 2687 curare;
393 2610 469 2675 hinc
500 2610 688 2695 probrosum
719 2609 842 2675 exstitit
870 2609 979 2674 odium
1002 2609 1086 2673 inter
1110 2605 1247 2673 Dianam
1270 2611 1303 2671 et
1325 2607 1432 2672 Vene-

238 2736 323 2799 rem,
348 2713 527 2781 Homericis
549 2736 649 2801 prope
672 2715 732 2780 diis
755 2715 927 2800 indignum
941 2714 979 2800 ²).
1012 2714 1121 2799 thue
1143 2712 1226 2778 ratio
1249 2715 1433 2778 redderetur

238 2842 336 2905 quare
367 2820 471 2885 Diana
503 2820 717 2907 Hippolytum
741 2842 809 2885 non
835 2820 1040 2902 servavisset,
1061 2819 1158 2883 finxit
1180 2822 1328 2904 pactum,
1348 2819 1432 2904 quod

237 2926 373 2991 alterum
397 2927 491 2991 deum
514 2927 645 2992 alterius
668 2926 781 2993 studiis
804 2926 958 2991 obsistere
980 2928 1113 2991 vetaret.

282 3031 351 3097 Nec
383 3032 564 3097 mirandum
595 3035 643 3098 est
673 3033 830 3098 nutricem
859 3032 1022 3097 Phaedrae
1044 3032 1175 3097 suadere
1198 3035 1235 3096 ut
1257 3032 1358 3097 amori
1380 3032 1432 3096 in·

239 3138 386 3224 dulgeat,
407 3140 440 3203 et
458 3140 533 3205 huic
551 3140 684 3205 consilio
702 3141 838 3225 speciem
857 3140 1000 3225 justitiae
1015 3138 1241 3224 praetendere,
1254 3160 1317 3223 qua
1329 3139 1434 3204 omnis

238 3245 331 3330 culpa
352 3245 388 3310 in
412 3245 570 3311 Venerem
595 3245 777 3312 conferatur
799 3247 1019 3333 (rae-481).
1050 3244 1119 3310 Nec
1142 3244 1296 3309 miramur
1317 3243 1352 3308 in
1373 3243 1433 3310 hac

238 3372 343 3415 rerum
366 3351 555 3430 confusione
577 3352 756 3418 Phaedram
781 3355 880 3417 noctu
902 3352 1129 3418 meditantem:

551 3459 662 3532 θνητῶν
687 3453 705 3539 ᾗ
727 3458 909 3540 διέφθαρται
932 3458 1001 3536 βίος
1025 3458 1140 3544 (376),

238 3583 341 3647 neque
363 3563 495 3628 chorum
520 3566 689 3629 testantem
712 3563 817 3648 (1104
840 3569 945 3649 sqq.):
1018 3561 1023 3567 ’

272 3874 299 3939 l)
316 3874 475 3925 Vehementer
497 3875 566 3925 doleo
583 3876 647 3940 qnod
664 3876 788 3941 Sophoclis
806 3877 915 3927 Phaedra
932 3876 1032 3926 interiit
1051 3877 1078 3927 ei
1095 3892 1148 3926 eam
1172 3892 1255 3925 revere
1271 3878 1359 3925 &neca
1375 3876 1430 3925 imi·

236 3960 301 4007 tatus
326 3960 375 4017 est,
399 3957 619 4022 Haedi-armagis
641 3973 713 4023 quam
736 3958 865 4024 Hippolyti
888 3960 1009 4009 cruciatus
1032 3959 1055 4007 ci
1071 3962 1212 4023 argumento
1228 3958 1307 4017 luere,
1326 3959 1390 4023 quod
1407 3962 1432 4008 et

235 4039 322 4089 titulus
345 4039 443 4108 iudicat.
467 4040 621 4090 messanen
638 4056 710 4105 quam
728 4041 784 4090 volo
801 4041 902 4091 rationis
919 4041 1060 4091 Trachinins
1077 4040 1211 4107 exemplum
1228 4041 1347 4105 quoddam
1364 4055 1432 4105 prae·
1531 4049 1534 4055 '

237 4121 300 4171 baut.
328 4122 409 4171 Venus
434 4122 634 4172 calamitosissimi
660 4122 749 4172 amoris
774 4123 878 4173 Herculi
903 4127 987 4173 auctu
1015 4122 1088 4173 fnisse
1110 4122 1256 4188 intelligitur
1273 4122 1313 4184 (cl.
1331 4138 1353 4172 v.
1371 4124 1431 4182 441,

236 4203 284 4256 497
302 4207 372 4268 sqq),
392 4205 452 4253 unde
469 4208 549 4254 tamm
566 4220 635 4254 nemo
652 4204 753 4255 crimina
769 4205 852 4255 sumit.

269 4284 297 4351 8)
316 4285 372 4335 vid.
389 4284 489 4336 ultionis
504 4286 604 4352 puerilis
620 4286 736 4337 indicium
754 4286 780 4336 in
798 4303 820 4337 v.
840 4288 906 4337 1420
922 4303 982 4352 sqq..
1000 4286 1041 4337 ubi
1057 4288 1135 4337 Diana
1151 4286 1180 4335 de
1196 4287 1301 4336 Venere:

540 4365 592 4431 ipis
608 4368 658 4431 ydra
674 4366 755 4426 αὐτῆς
772 4366 851 4418 ἄλλον
868 4365 896 4434 ἔξ
914 4365 977 4430 ἐμῆς
994 4370 1069 4432 χερὸς

535 4448 562 4508 ts
578 4448 608 4500 lv
625 4448 743 4511 μάλιστα
760 4451 887 4514 φίλτατος
905 4453 963 4514 supp
984 4452 1079 4512 βροτῶν

535 4532 617 4596 τόξοις
635 4529 757 4595 ἀφύκτοις
775 4529 859 4590 reicis
875 4529 1056 4594 τιμωρήσομαι.
