3250 5217
769 430 807 492 21

197 615 259 678 tica
282 616 316 678 et
337 613 558 699 philosophica
581 612 686 677 studia
708 612 941 697 significantur.
961 612 1080 677 Nullus
1100 613 1185 676 enim
1205 616 1300 696 pocta
1312 612 1390 676 haec

197 720 292 784 verbe
316 720 413 784 choro
437 740 549 783 senum
572 718 786 784 Pheraeorum
809 720 981 782 admodum
1001 719 1132 782 ridicule
1151 718 1308 782 tribueret
1327 717 1390 781 nisi

195 827 262 911 ipse
296 827 331 890 in
361 827 426 891 illis
458 825 581 890 artibus
614 828 757 889 uersatus
780 828 909 910 sumpte
932 825 1021 889 chori
1044 846 1179 909 persona
1202 826 1234 889 id
1258 846 1334 910 prae
1356 846 1390 888 se

196 932 277 997 ferre
300 933 397 997 vellet
409 929 448 1016 ¹).
1160 948 1163 953 '

243 1038 316 1103 Non
341 1059 420 1122 opus
444 1042 492 1102 est
515 1059 644 1102 monere
665 1041 823 1122 quantum
847 1061 866 1101 a
890 1037 1018 1104 Graecis
1037 1037 1220 1102 hominibus
1237 1038 1388 1115 distaret,

196 1146 252 1228 qui
275 1166 384 1209 eorum
403 1144 487 1208 vitae
507 1144 569 1207 tria
589 1143 677 1208 velut
695 1144 868 1229 principia,
890 1144 1082 1228 palaestram
1094 1143 1186 1206 ludos
1198 1142 1389 1227 reipublicae

196 1250 377 1315 societatem
403 1250 728 1333 communitatemque
752 1251 939 1334 negligeret.

241 1355 370 1420 Praeter
405 1355 476 1420 illas
511 1356 627 1421 mentis
663 1356 922 1420 excercitationes
956 1360 988 1420 et
1022 1355 1130 1419 studia
1152 1360 1210 1418 τῶν
1233 1357 1389 1434 μετεώρων

195 1463 393 1541 πραγμάτων
425 1462 504 1527 haec
532 1484 658 1546 quoque
682 1462 889 1546 despicientia
912 1462 979 1525 eius
1002 1462 1086 1525 vitae
1109 1461 1228 1544 partia,
1252 1482 1333 1545 quae
1355 1461 1390 1524 in

196 1568 358 1632 communi
381 1568 471 1632 cultu
495 1568 611 1651 speciei
633 1590 739 1632 rerum
763 1569 925 1644 versatur,
949 1567 1068 1651 aliquid
1081 1565 1225 1630 conferre
1236 1566 1343 1651 potuit
1353 1570 1391 1630 ut

156 1682 158 1685 ’
195 1675 224 1739 ci
247 1697 359 1759 parum
384 1674 605 1739 satisfacerent
629 1674 674 1737 dii
694 1674 875 1758 populares,
899 1675 955 1757 qui
978 1672 1126 1736 ludorum
1150 1671 1245 1736 hilari
1257 1671 1389 1735 celebri-

195 1783 262 1845 tate
294 1785 326 1845 et
355 1780 523 1865 splendore
553 1780 654 1844 multo
686 1781 787 1863 magis
811 1780 989 1864 gauderent
1012 1800 1108 1863 quam
1132 1778 1221 1842 seriis
1243 1777 1390 1861 precibus

196 1890 228 1951 et
264 1886 532 1971 cogitationibus,
569 1908 648 1970 quas
678 1888 749 1970 quis
781 1886 866 1950 solus
889 1886 1078 1962 meditetur,
1103 1885 1262 1954 »εἱςελθὼν
1287 1884 1330 1954 εἰς
1354 1884 1389 1947 τὸ

196 1997 353 2070 ταμιεῖον,
378 1994 430 2057 uni
456 1994 582 2063 κλείσας
606 1994 660 2066 τὴν
685 1992 808 2070 aarum
1219 1976 1221 1980 ἲ

242 2099 362 2165 Verum
382 2101 524 2184 praestat
545 2100 612 2163 eius
631 2099 804 2183 impietatis
825 2119 953 2162 causam
966 2117 1031 2161 non
1045 2118 1204 2181 quaerere.
1217 2094 1293 2172 Quia
1305 2095 1389 2161 enim

196 2206 337 2270 indicare
367 2206 485 2270 audeat
515 2206 630 2290 quibus
654 2206 747 2270 rebus
771 2205 966 2269 definiantur
989 2205 1093 2268 cultus
1113 2203 1246 2268 humani
1269 2225 1389 2287 cursus,

195 2314 384 2397 progressio,
408 2313 612 2396 mutationes,
636 2333 773 2396 quorum
798 2311 932 2395 vestigia
954 2310 1051 2374 etiam
1075 2311 1110 2374 in
1132 2310 1260 2374 rudium
1272 2330 1388 2394 puero·

196 2442 267 2483 rum
291 2419 452 2483 mentibus
476 2418 709 2503 deprehendere
733 2418 857 2503 possis?

241 2524 325 2589 Satis
358 2525 402 2589 sit
433 2525 548 2589 dixisse
582 2525 727 2608 proxima
751 2527 896 2608 tempora
919 2525 1028 2589 tulisse
1052 2524 1202 2608 antiquae
1224 2522 1389 2606 religionis

197 2630 452 2713 dissolutionem,
480 2635 687 2715 nostrumque
705 2632 793 2695 velut
805 2631 1052 2715 antesignanum
1064 2630 1161 2694 tuisse
1172 2629 1258 2693 inter
1269 2627 1389 2712 primos

195 2760 301 2803 rerum
333 2760 488 2803 novarum
514 2740 695 2801 sectatores.
728 2736 815 2801 Solet
834 2736 953 2801 talibus
973 2736 1170 2821 temporibus
1194 2735 1229 2798 in
1249 2734 1390 2797 diversas

195 2846 263 2909 vias
295 2844 429 2909 distrahi
460 2845 637 2909 communis
669 2845 753 2909 vitae
776 2844 859 2908 ratio
884 2846 1002 2929 etjam
1027 2843 1166 2928 separari
1190 2863 1271 2926 quae
1294 2845 1389 2906 antea

195 2950 328 3015 feliciter
359 2951 533 3035 conjuncta
565 2952 700 3014 fuerant.
735 2949 859 3015 Exinde
890 2951 990 3014 maior
1020 2950 1186 3014 hominum
1218 2970 1292 3033 pars
1318 2970 1388 3013 eam

196 3056 281 3119 viam
314 3057 456 3140 sequitur
487 3078 567 3140 quae
598 3056 633 3119 in
665 3059 789 3140 agendo
821 3059 891 3120 tota
914 3059 1040 3121 versate
1063 3077 1138 3139 prae
1162 3055 1272 3119 solidis
1296 3053 1388 3119 bonis

195 3162 303 3226 omnia
340 3162 401 3225 elia
432 3184 516 3225 vana
545 3165 664 3247 putans
696 3163 843 3245 quaestui
866 3165 898 3225 et
925 3162 1087 3246 potentiae
1111 3163 1238 3225 tentum
1262 3159 1383 3236 studet3

195 3288 258 3351 quo
278 3266 316 3329 fit
336 3271 388 3343 ut,
414 3268 503 3331 nulla
526 3266 700 3331 officiorum
725 3268 918 3351 cogitatione
937 3270 968 3332 et
988 3266 1195 3331 meditatione
1207 3265 1341 3350 repressi
1352 3265 1388 3327 in

195 3373 380 3437 effrenatam
404 3374 567 3438 licentiam
592 3374 743 3457 variaque
768 3373 943 3458 voluptatis
967 3394 1084 3458 genera
1108 3393 1174 3436 non
1197 3392 1269 3435 raro
1293 3370 1388 3455 proni

195 3479 380 3563 rapiantur3
418 3518 459 3527 —
491 3501 564 3564 pars
594 3501 686 3556 vero,
718 3501 853 3563 quorum
885 3479 987 3543 multo
1018 3480 1123 3542 minor
1146 3482 1195 3542 est
1218 3498 1386 3555 numerus,

195 3607 301 3649 rerum
332 3588 534 3649 externarum
567 3586 806 3670 contemptione
838 3586 918 3649 moti
949 3608 968 3648 a
1000 3586 1065 3649 vita
1092 3584 1220 3670 publica
1243 3583 1387 3647 animum

194 3694 345 3755 sevocant
376 3694 409 3755 et
441 3691 522 3754 nihil
553 3692 716 3775 antiquius
745 3692 896 3755 ducentes
923 3713 1018 3775 quam
1045 3694 1081 3754 ut
1100 3690 1272 3775 cogitando
1294 3689 1387 3753 inda·

197 3800 275 3881 gent
308 3801 393 3861 certa
418 3797 501 3861 vitae
526 3800 695 3881 praecepta
719 3802 751 3862 et
774 3798 891 3882 agendi
913 3796 1056 3881 regulas,
1081 3798 1217 3862 veritate
1241 3797 1388 3880 neglecta

196 3903 383 3987 plerumque
414 3903 495 3967 nihil
527 3904 620 3967 solidi
651 3906 908 3987 consequuntur;
936 3903 1066 3967 —sive
1093 3908 1130 3966 ut
1151 3897 1261 3986 paucis
1283 3903 1388 3967 verbis

198 4009 316 4072 dicam:
355 4010 410 4073 alii
442 4008 541 4081 uitam
574 4014 796 4093 aguntunam
821 4010 1010 4093 practicam,
1036 4009 1090 4072 alii
1115 4030 1212 4072 unam
1234 4008 1387 4072 theoreti-

198 4135 266 4178 cam
280 4112 317 4199 2).
343 4114 467 4179 Horum
492 4114 674 4198 paucissimi
696 4118 763 4178 tam
787 4114 902 4178 eximio
926 4120 958 4179 et
981 4114 1147 4199 splendido
1165 4116 1243 4178 sunt
1256 4113 1387 4197 ingenio

231 4320 258 4385 1)
277 4320 372 4372 Sobel:
391 4320 404 4368 δ
421 4321 526 4379 ποιητὴς
543 4319 584 4370 διὰ
603 4325 648 4370 τοῦ
666 4322 797 4384 προσώπου
818 4326 864 4371 τοῦ
881 4325 958 4385 χοροῦ
974 4320 1095 4384 βούλεται
1105 4320 1263 4387 &cibandum
1272 4320 1389 4385 μετέσχε

197 4404 243 4459 τῆς
259 4401 419 4461 παιδεύσεως.

231 4484 260 4548 2)
279 4484 386 4534 „Dabitis
410 4486 474 4535 enim
497 4486 618 4551 prolecto,
641 4489 669 4536 nt
692 4488 718 4537 in
735 4488 804 4538 rebus
822 4487 943 4537 inusitatis
954 4524 1043 4538 ......
1061 4492 1158 4538 utemur
1173 4487 1251 4538 verbis
1266 4488 1389 4537 interdum

197 4564 334 4617 inauditis''.
354 4567 404 4619 Cic.
421 4569 493 4617 dead.
511 4573 564 4633 post
585 4568 603 4617 1.
623 4569 645 4618 6.
